3225 5242
798 527 1011 577 unm
1060 526 1281 577 mxlv.
1324 526 1977 579 surranum-trun.
2317 510 2530 581 4265.

354 678 457 735 36.
502 670 698 752 Igitur
738 670 979 733 Cassius
1020 682 1237 755 praetor
1260 692 1339 733 ex
1364 674 1672 753 rogatione
1699 672 1776 735 C.
1807 673 2076 737 Memmii
2099 672 2180 737 ad

270 768 629 849 Jugurtham
669 768 1095 851 proficiscitur:
1138 770 1335 851 eique,
1374 772 1437 830 ni
1478 780 1708 851 pareat,
1733 778 2002 833 extrema
2026 772 2180 852 peri-

268 866 414 927 cula
446 865 923 939 demonstrando,
950 867 1287 949 persuadet,
1321 879 1337 903 ‘
1362 877 1428 927 ut
1450 867 1633 930 semel
1669 869 1732 928 in
1773 867 1952 929 fidem
1974 868 2183 949 populi

270 961 541 1025 Romani
555 984 735 1043 regno
758 984 940 1044 seque
957 963 1185 1036 dedito,
1202 962 1658 1025 misericordiam
1675 966 1806 1043 ejus
1827 984 2010 1044 quam
2031 965 2182 1027 iram

268 1080 595 1140 provocare
630 1060 841 1121 malit.'
920 1059 1191 1122 Tandem
1218 1059 1479 1121 futurum
1516 1082 1579 1121 se
1621 1061 1682 1123 in
1721 1070 2017 1142 potestate
2038 1060 2180 1122 Nu·

268 1156 438 1221 mida
460 1157 813 1239 respondet:
856 1178 992 1217 cum
1030 1156 1239 1237 praet'er
1274 1156 1575 1239 publicam
1600 1156 1784 1219 fidem
1805 1157 2051 1219 Cassius
2071 1178 2183 1219 sua

266 1272 509 1334 quoque
526 1254 803 1335 privatim
826 1253 1257 1336 spopondisset,
1284 1274 1463 1334 quam
1480 1252 1777 1334 Jugurtha
1800 1274 1918 1315 non
1942 1255 2184 1315 minoris

265 1348 535 1411 faciebat
550 1370 575 1417 ι
610 1360 781 1413 tanta
814 1352 1178 1433 temporibus
1214 1350 1337 1411 illis
1367 1349 1445 1411 de
1482 1352 1800 1413 sanctitate
1828 1352 2183 1433 justitiaque

268 1444 470 1509 Cassii
512 1446 677 1509 fama
716 1457 865 1511 erat.
944 1434 1193 1515 'Quibus
1230 1448 1409 1509 rebus
1451 1447 1738 1519 adducor,
1775 1456 1844 1508 ut
1863 1448 2023 1509 hunc
2055 1456 2182 1509 tam

264 1542 563 1603 celebrati
589 1544 843 1617 nominis
870 1542 1166 1617 Cassium,
1194 1564 1315 1605 non
1339 1564 1476 1605 eum
1495 1566 1622 1605 esse
1647 1545 1873 1626 opiner,
1900 1547 2006 1626 qui
2031 1564 2180 1627 pau-

263 1639 357 1698 cis
380 1648 517 1719 post
542 1641 713 1701 annis
738 1641 799 1701 in
824 1640 1031 1723 praelio
1055 1639 1337 1725 adversus
1365 1640 1642 1703 Cimbros
1665 1642 1896 1703 occisus
1919 1651 2048 1713 est3
2075 1641 2182 1703 sed

260 1734 595 1797 censorium
624 1734 815 1809 illum,
849 1758 1027 1819 quem
1061 1738 1402 1817 qnaestionis
1428 1738 1641 1799 incesti
1665 1757 1848 1799 causa
1871 1747 2182 1819 praetorem

262 1841 557 1905 creatum,
584 1832 873 1894 refectum
912 1832 1125 1894 deinde
1150 1842 1321 1914 puto,
1346 1834 1630 1914 quamdiu
1667 1834 1730 1894 id
1746 1833 2042 1915 judicium
2067 1834 2178 1895 du-

262 1928 461 1999 ravit3
507 1937 613 1990 aut
638 1930 715 1989 ab
740 1930 913 1990 initio
938 1928 1213 2008 hac-lege
1236 1928 1484 2002 factum,
1512 1938 1601 2002 ut,
1628 1930 1818 1993 donec
1837 1951 1913 1991 ea
1937 1940 2184 2013 peracta

264 2025 523 2105 quaestio
548 2035 723 2099 esset,
751 2034 1067 2108 praeturam
1090 2026 1407 2088 obtineret.
1791 2100 1800 2107 ,

352 2128 457 2183 36.
500 2120 745 2185 Interea
780 2123 1052 2185 eonsules
1082 2122 1303 2185 Romae
1331 2123 1426 2185 Μ.
1470 2123 1774 2185 Minucius
1811 2123 2035 2197 Rufus,
2069 2125 2176 2208 Sp.

264 2216 623 2281 Postumius
661 2221 927 2283 Albinus
964 2220 1165 2283 facti!
1247 2220 1289 2281 J
1294 2221 1541 2301 ugurtha
1580 2222 1792 2283 humili
1838 2222 2006 2285 cultu
2043 2222 2178 2285 Ro-

262 2334 429 2375 mam
455 2317 769 2392 adductus,
795 2340 933 2381 cum
958 2318 1249 2379 factorum
1272 2320 1642 2381 conscientia
1666 2319 2007 2401 trepidaret,
2033 2340 2176 2381 con-

260 2412 537 2493 firmatus
576 2416 655 2477 ab
688 2416 783 2477 his
814 2436 963 2498 quos
995 2416 1375 2479 consiliorum
1398 2436 1635 2477 suorum
1662 2426 1934 2478 auctores
1956 2418 2177 2478 habue-

259 2519 385 2583 rat,
428 2512 505 2574 Ο.
536 2512 813 2575 Baebium
860 2515 1161 2575 tribunum
1205 2513 1397 2595 plebis
1440 2534 1658 2593 mag-na
1695 2514 1966 2576 mercede
2005 2516 2174 2589 emit,

258 2612 365 2689 cuj
374 2631 443 2671 us
484 2611 851 2693 impudentia
886 2622 1051 2673 tutus
1073 2621 1281 2676 contra
1294 2614 1401 2693 jus
1424 2614 1642 2694 pariter
1667 2614 2058 2694 injuriamque
2081 2612 2174 2675 fo-

262 2716 381 2768 ret.
464 2706 569 2769 Sic
592 2710 797 2771 omnia
830 2711 1042 2771 iterum
1081 2708 1324 2782 Romae,
1349 2730 1519 2771 secus
1548 2720 1730 2791 atque
1773 2710 2176 2772 existimatum

259 2803 487 2877 fuerat,
512 2805 897 2867 seditionibus
920 2806 1343 2887 discordiisque
1362 2806 1697 2887 permisceri
1723 2826 1973 2887 coepere.
2019 2808 2176 2869 Cum
2199 2820 2403 2877 orosa.
2421 2828 2504 2877 ιε.

262 2902 430 2961 enim
456 2902 534 2963 C.
564 2901 885 2965 Memmius
924 2903 1274 2985 productum
1307 2902 1386 2963 ad
1422 2902 1652 2964 Rostra
1689 2902 2044 2983 Jugurtham
2083 2906 2173 2965 in·
2198 2922 2318 2971 San.

259 2995 475 3057 dicare
490 2998 759 3079 juberet,
786 3001 961 3079 cujus
998 3021 1111 3081 ope
1150 3000 1513 3081 consilioque
1549 3008 1673 3061 tam
1697 3000 1953 3061 scelesta
1975 3010 2172 3082 patra-⁶
2195 3016 2309 3069 Liv.
2331 3018 2466 3085 Epit-

262 3094 455 3155 visset
478 3115 495 3164 ;
524 3095 775 3176 jamque
803 3096 1021 3157 nemini
1040 3094 1285 3156 dubium
1309 3106 1485 3169 esset,
1512 3097 1658 3177 quin
1683 3096 1854 3157 multi
1877 3106 2176 3159 senatores
2197 3116 2316 3169 sm.

260 3191 743 3252 nominarentur:
788 3191 865 3254 G.
890 3192 1135 3253 Baebius
1158 3202 1355 3253 tacere
1380 3192 1736 3272 ,Iugurtham
1749 3194 1951 3273 jussit,
1977 3202 2040 3254 et
2063 3215 2170 3275 po-

258 3285 413 3367 pulo
436 3289 833 3369 nequicquam
858 3288 1251 3360 tumultuante
1276 3290 1613 3351 intercessio
1639 3290 1847 3351 valuit.

348 3390 454 3447 37.
494 3383 651 3445 Tum
674 3406 815 3445 vero
844 3384 1225 3447 confirmatus
1264 3387 1445 3447 animi
1481 3386 1778 3459 Numida,
1821 3384 1980 3466 qnod
2023 3385 2173 3446 nihil

257 3500 388 3541 non
414 3476 681 3561 pecuniae
705 3480 915 3555 cedere
954 3481 1205 3554 videret,
1232 3482 1385 3543 adeo
1414 3484 1672 3563 priorum
1699 3482 2024 3544 facinorum
2047 3504 2170 3564 poe-

258 3596 409 3639 nam
424 3596 539 3637 non
559 3578 775 3649 timuit,
792 3586 860 3638 ut
874 3578 933 3637 in
949 3578 1080 3659 ipsa
1096 3579 1236 3638 urbe
1254 3598 1471 3639 novum
1494 3578 1874 3664 parricidium
1899 3582 2172 3640 commit-

258 3682 393 3734 tere
436 3693 553 3733 non
594 3672 915 3746 dubitaret,
971 3674 1239 3735 Massiva
1291 3674 1558 3756 patruele
1609 3675 1898 3737 tollendo.
1983 3676 2172 3738 Hunc
2227 3689 2334 3743 liv.
2367 3690 2499 3757 Epit-

258 3768 534 3831 Gulum
562 3770 897 3831 Masinissa
917 3770 1051 3832 fluo
1074 3780 1446 3852 procreatum
1471 3772 1722 3853 (quippe
1747 3771 1953 3833 dedita
1978 3772 2170 3844 cirta,
2194 3754 2324 3870 {gyg-

258 3886 405 3927 cum
446 3866 507 3925 iu
532 3868 797 3949 partibus
827 3866 1195 3929 Adherbalis
1234 3867 1460 3940 fuisset,
1503 3868 1768 3929 Romam
1802 3868 2170 3950 profugerat)

260 3960 379 4045 Sp.
407 3962 673 4034 Albinus
696 3964 900 4026 consul
926 3964 1271 4045 instigabat,
1306 3974 1323 4000 ‘
1345 3973 1413 4025 ut
1453 3964 1644 4024 inviso
1674 3984 1756 4026 ac
1785 3966 2030 4045 jacente
2057 3963 2170 4025 Ju-

259 4060 505 4140 gurtha,
547 4081 789 4139 regnum
826 4060 1135 4124 Numidiae
1174 4063 1254 4122 ab
1292 4070 1498 4123 senatu
1544 4070 1806 4143 peteret:
1830 4063 1848 4091 '
1891 4082 2006 4122 non
2046 4071 2169 4123 tam
2299 4112 2308 4123 .

258 4156 474 4237 regulo
496 4156 828 4230 consulens,
856 4178 1034 4239 quam
1058 4158 1388 4240 cupiditate
1412 4158 1557 4219 belli
1583 4159 1946 4230 concitandi,
1981 4158 2168 4239 quod,

822 4340 854 4371 ⁴
886 4340 952 4392 A,
976 4342 1045 4392 υ.
1070 4342 1129 4393 c.
1151 4346 1266 4393 642.
1330 4340 1618 4395 A.C.110.

396 4420 575 4487 Daph.
595 4428 644 4472 et
668 4420 783 4473 ναν.
808 4420 939 4473 σω.
1280 4422 1469 4473 noim.
2215 4428 2280 4475 12
2311 4424 2362 4475 ‘r
