3225 5242
632 515 811 584 4124

639 1817 835 1855 XXXXXX

1530 541 1535 546 ’
1597 539 1670 588 Τ.
1719 537 1918 588 mvn

962 678 1131 745 urio
1166 687 1387 742 eventu
1428 681 1776 760 gerebatur:
1817 689 1880 743 et
1922 681 2026 762 qui
2067 681 2288 746 civ-ium
2325 701 2564 742 suorum
2607 683 2872 745 actiones

962 784 1088 836 tam
1128 777 1426 838 hostiliter
1450 777 1561 839 ulti
1584 787 1776 849 erant,
1804 778 2064 840 vicissim
2090 799 2129 839 a
2153 778 2466 861 mancipiis
2501 779 2622 840 suis
2656 780 2867 841 intole-

964 873 1153 936 randa
1176 875 1567 955 patiebantur.
1655 875 1825 936 Nam
1849 884 2064 959 praeter
2085 875 2323 956 fugatos
2345 895 2642 957 oaesosque
2680 877 2741 938 in
2773 876 2872 938 Si-

963 971 1111 1032 cilia
1154 972 1469 1044 exercitus,
1516 993 1625 1054 per
1669 971 1918 1034 Italiam
1958 993 2196 1055 quoque
2239 981 2420 1055 atque
2461 973 2521 1034 in
2569 974 2700 1054 ipsa
2722 975 2874 1035 urbe

963 1065 1325 1149 trepidatum
1351 1079 1461 1142 est,
1488 1069 1589 1129 ubi
1606 1071 1741 1149 jam
1767 1080 2002 1131 centum
2025 1071 2460 1150 quinquaginta
2483 1071 2632 1154 servi
2657 1072 2870 1151 conju·
2995 1079 3006 1086 ‘

964 1175 1261 1226 ravel-ant.
1344 1166 1616 1234 Quorum
1653 1165 1888 1230 indiciis
1923 1167 2355 1248 (comprehensi
2379 1168 2536 1228 enim
2563 1168 2874 1248 punitique

854 1305 869 1322 .
924 1307 941 1323 .
966 1259 1229 1340 fixerant)
1254 1281 1392 1322 cum
1418 1263 1636 1342 passim
1664 1282 1770 1344 per
1809 1262 2054 1324 Italiam
2083 1265 2453 1343 conjuratum
2495 1283 2622 1324 esse
2647 1264 2875 1346 patuis-

964 1367 1077 1433 set,
1117 1359 1203 1426 Q.
1234 1359 1514 1431 Metello,
1554 1359 1672 1419 Cn.
1712 1357 1964 1422 Servilio
2006 1359 2280 1440 Caepioni
2320 1360 2526 1421 datum
2567 1361 2871 1440 negotium

964 1463 1078 1527 est,
1106 1457 1267 1537 iique
1294 1455 1585 1516 Sinueesae
1621 1456 1716 1516 ad·
1742 1465 1994 1537 quatuor
2027 1456 2216 1517 millia
2249 1476 2543 1518 servorum
2569 1477 2872 1539 oppresse-

964 1561 1134 1614 runt:
1176 1553 1357 1613 etiam
1386 1552 1710 1612 Minturnis
1745 1552 2156 1634 quadringenti
2197 1554 2629 1634 quinquaginta
2654 1555 2714 1614 in
2739 1574 2872 1615 cru·

965 1668 1097 1709 cem
1124 1650 1245 1709 acti
1266 1658 1421 1710 sunt.
1505 1648 1786 1711 Manavit
1808 1659 2094 1731 proeterea
2127 1652 2188 1710 in
2216 1647 2454 1722 Asiam,
2481 1651 2542 1710 in
2569 1649 2873 1711 Graeciam

966 1744 1125 1805 idem
1143 1744 1343 1807 furor:
1386 1755 1451 1808 et
1472 1747 1532 1806 in
1556 1746 1816 1808 metallis
1839 1747 2080 1828 quidem
2120 1746 2578 1806 Atheniensium
2619 1749 2698 1808 ab
2733 1747 2870 1808 He-

965 1841 1175 1903 raclito
1200 1852 1474 1924 praetore,
1498 1863 1678 1924 supra
1701 1843 1864 1904 mille
1880 1863 2180 1905 servorum
2204 1843 2419 1904 occisi:
2461 1843 2522 1902 in
2544 1843 2708 1905 Delo
2725 1865 2874 1925 quo-

967 1959 1085 2022 que
1108 1938 1301 2000 insula
1334 1957 1471 2001 cum
1494 1938 1703 2002 eadem
1743 1939 2110 2011 molirentur,
2135 1941 2422 2022 praeventi
2447 1958 2486 2000 a
2513 1939 2784 2012 dominis,
2811 1949 2876 2001 et

900 2051 915 2068 ¹
966 2036 1259 2118 supplicio
1298 2036 1499 2097 affecti
1528 2045 1686 2097 sunt.
1769 2036 1992 2118 Neque
2017 2037 2382 2096 Macedonia
2417 2035 2706 2097 malorum
2730 2037 2874 2098 isto-

670 2220 824 2271 Diod.
841 2236 923 2289 ap.

641 2285 790 2339 Phot.
810 2296 865 2338 ot

638 2350 807 2402 valea.

672 2714 789 2768 val.
802 2717 891 2769 Ma

639 2791 706 2828 ιι.
724 2785 775 2834 7.

670 2987 837 3041 Front-

638 3054 786 3104 Sffnt·
809 3069 883 3104 lv·
897 3057 945 3104 ιο

644 3119 759 3169 Val-
780 3121 922 3170 Max.

968 2153 1096 2194 rum
1124 2153 1326 2194 exsors
1344 2131 1496 2205 fuit:
1518 2153 1697 2214 quam
1723 2133 1848 2194 late
1871 2133 2586 2215 depopulavereservitia.

1047 2237 1150 2291 63.
1196 2231 1474 2291 Maxima
1498 2239 1696 2290 tamen
1724 2232 1786 2291 in
1813 2229 2022 2292 Sicilia
2045 2229 2231 2290 moles
2263 2239 2412 2302 erat,
2439 2231 2542 2290 ubi
2567 2231 2742 2290 urbes
2763 2249 2871 2290 ex-

966 2327 1318 2388 cidebantur
1332 2349 1371 2389 a
1390 2327 1677 2407 fugitivis,
1701 2328 2084 2390 eaedebantur
2109 2308 2392 2407 legiones,
2419 2347 2612 2409 neque
2635 2329 2698 2388 in
2723 2347 2870 2408 pug-

968 2433 1177 2485 nantes
1200 2423 1399 2497 modo,
1424 2424 1530 2485 sed
1566 2428 1822 2486 atrocius
1845 2427 1906 2485 in
1931 2426 2202 2507 captivos
2225 2426 2599 2498 saeviebatur,
2625 2445 2872 2506 quorum

972 2540 1178 2580 manus
1204 2541 1323 2582 non
1348 2519 1429 2582 ad
1453 2522 1863 2583 commissuras
1887 2531 2142 2592 anuum,
2169 2521 2273 2582 sed
2295 2542 2432 2583 eum
2451 2522 2593 2604 ipsis
2618 2521 2878 2582 brachiis

934 2663 941 2670 .
970 2618 1446 2698 amputabantur.
1509 2617 1633 2679 Sed
1657 2619 1762 2678 ubi
1789 2618 1860 2680 L.
1888 2618 2041 2680 Piso
2064 2619 2292 2692 consul,
2312 2639 2452 2680 nam
2479 2621 2532 2680 is
2551 2619 2628 2680 G.
2657 2617 2876 2681 Fulvio

892 2735 945 2770 x.
966 2724 1349 2787 successerat,
1381 2717 1712 2776 exercitum
1739 2717 1996 2798 accepit,
2023 2717 2339 2776 severitate
2364 2716 2534 2778 ducis
2558 2715 2884 2791 emendata·

964 2809 1281 2893 disciplina
1304 2812 1483 2873 resin
1510 2813 1814 2873 meliorem
1855 2820 2074 2873 statum
2116 2812 2376 2874 reduxit.
2459 2813 2632 2874 Nam
2662 2813 2766 2873 ille
2794 2812 2874 2876 G.

963 2905 1189 2968 Titium
1230 2909 1497 2990 equitum
1534 2909 1901 2991 praefeemm‚
1944 2909 2115 2990 quod
2157 2909 2538 2972 multitudine
2589 2909 2872 2992 Syrorum

964 3003 1399 3066 circumventus
1438 3007 1615 3066 armis
1653 3005 1888 3066 traditis
1930 3003 2185 3067 salutem
2223 3015 2436 3087 pactus
2471 3006 2691 3079 fuerat,
2717 3015 2876 3086 togae

966 3099 1197 3161 laciniis
1230 3103 1492 3174 abfflsis,
1534 3102 1846 3183 solutaque
1884 3103 2111 3175 tunica,
2137 3103 2310 3162 nudis
2335 3102 2610 3184 pedibus,
2637 3122 2675 3163 a
2697 3123 2874 3164 mane

916 3260 939 3274 „
966 3197 1025 3256 in
1054 3207 1288 3260 noctem
1320 3219 1505 3280 usque
1540 3199 1618 3260 ad
1656 3199 1972 3280 Principia
2012 3218 2116 3280 per
2157 3219 2330 3259 omne
2369 3207 2604 3281 tempus
2645 3199 2875 3264 militine

641 3785 783 3840 Oros.

966 3292 1173 3354 adesse
1208 3296 1407 3375 jussit.
1491 3293 1802 3357 Praeterea
1851 3296 2138 3357 conviviis
2185 3295 2530 3376 balneisque
2572 3296 2880 3377 prohibuit

966 3387 1297 3452 hominem:
1338 3399 1402 3452 et
1424 3399 1650 3453 turmas
1673 3394 1963 3473 equitum,
1990 3411 2125 3473 quae
2149 3411 2286 3453 cum
2303 3412 2378 3454 eo
2393 3392 2654 3466 fuerant,
2669 3389 2876 3454 adem-

966 3485 1045 3546 tis
1068 3487 1235 3566 equis
1260 3487 1321 3548 in
1342 3461 1714 3550 l’unditorum
1741 3489 1872 3550 alas
1893 3489 2281 3569 transcripdt.

1044 3592 1147 3646 64.
1192 3584 1398 3647 Affuit
1418 3607 1582 3665 ergo,
1600 3595 1671 3649 ut
1689 3588 2060 3669 plerumque,
2079 3588 2298 3649 severis
2315 3586 2577 3668 imperiis
2599 3585 2874 3650 fortuna:

966 3682 1290 3762 multisque
1315 3683 1467 3746 loeis
1490 3685 1646 3745 bene
1671 3693 1838 3765 gesta
1862 3705 1980 3758 res,
2004 3693 2068 3746 et
2098 3705 2316 3764 magno
2341 3683 2420 3743 ad
2448 3683 2876 3746 Mamertinum

967 3778 1251 3859 oppidum
1292 3781 1495 3861 praelio
1536 3783 1680 3843 urbs
1719 3781 1972 3843 liberata
2012 3791 2142 3842 est:
2199 3780 2580 3860 fugitivorum
2616 3779 2694 3840 ad
2737 3791 2876 3843 octo

967 3875 1159 3936 millia
1174 3879 1313 3938 oaesi
1320 3917 1345 3949 ‚·
1352 3877 1629 3960 quodque
1648 3899 1852 3941 eorum
1875 3879 2012 3961 capi
2032 3887 2309 3960 potuerat
2329 3879 2606 3939 crucibus
2629 3876 2876 3940 affixum

645 3975 792 4028 Oros.
822 3979 948 4028 voo-
968 3982 1075 4034 est.
1159 3973 1329 4035 Nam
1371 3971 1785 4049 Mamertinos,
1830 3978 1933 4057 qui
1977 3975 2087 4037 soli
2126 3996 2323 4038 servos
2365 3995 2503 4036 suos
2542 3977 2876 4036 humaniter

969 4070 1205 4132 habitos
1246 4073 1307 4132 in
1353 4071 1549 4134 officio
1591 4074 2023 4147 continuerant,
2081 4071 2348 4134 infestius
2396 4070 2645 4135 oderant
2695 4071 2871 4155 Sym

1035 4315 1051 4350 ¹
1083 4317 1249 4382 Neque
1270 4317 1556 4368 Macedonia
1570 4321 1798 4370 malorum
1818 4321 1886 4369 is·
1955 4321 2344 4383 memoraverit,
2357 4318 2507 4374 nobis
2520 4319 2756 4388 ignotum
2773 4325 2872 4372 eet.

968 4388 1124 4432 eorum
1142 4397 1306 4434 exsors
1316 4383 1450 4450 fuir]
1502 4384 1624 4436 Hoc
1647 4387 1886 4452 quisnam
1960 4387 2104 4438 Cres.
2425 4399 2432 4404 “
