3225 5242
834 573 1049 622 mani
1098 571 1202 622 u.
1248 571 1902 642 surranum-rum.
2288 555 2466 622 3969

227 725 585 798 conspectos
604 715 760 775 intra
788 713 1017 776 vallum
1050 715 1246 775 hostes
1278 731 1583 776 numerare
1612 734 1732 775 non
1767 717 2138 796 permittente

230 823 417 884 metu,
444 821 729 892 tanquam
750 819 909 870 totus
934 809 1347 872 Romanorum
1380 811 1680 872 exercitus
1702 811 2022 892 irrupisset,
2047 811 2138 871 ef-

226 909 365 969 fusa
406 909 555 988 fuga
591 929 655 968 se
700 909 909 968 castris
948 909 1273 988 ejecerunt.
1356 906 1457 968 Ibi
1504 909 1844 990 patentibus
1887 909 1950 968 in
1994 909 2140 970 locis

226 1005 505 1086 palantes
530 1003 781 1086 adeptus
806 1004 1071 1065 Gulussa
1092 1024 1229 1064 cum
1254 981 1583 1085 elephantis
1597 1003 2002 1086 Numidisque
2018 1007 2140 1066 suis

226 1101 531 1182 ingentem
554 1101 781 1162 caedem
811 1102 975 1162 fecit.
1059 1099 1372 1162 Interfecti
1400 1099 1676 1162 dicuntur
1699 1121 1774 1161 eo
1797 1100 1896 1160 die
1919 1102 2138 1164 milites

228 1207 633 1278 agrmtoeque,
660 1199 833 1278 cujus
856 1199 1087 1277 generis
1109 1195 1190 1256 ad
1212 1205 1579 1258 commeatus
1598 1196 1902 1259 vehendos
1921 1218 2139 1278 magna

227 1297 289 1356 in
336 1295 548 1356 castris
588 1295 909 1356 multitudo
926 1295 1157 1366 fuerat,
1184 1293 1265 1354 ad
1304 1296 1680 1376 septuaginta
1719 1294 1932 1367 millia,
1956 1305 2138 1377 capta

222 1393 435 1454 decem
454 1414 473 1462 3
520 1391 705 1453 ferme
730 1401 985 1474 quatuor
1006 1391 1198 1452 millia
1220 1391 1518 1470 effugisse.

306 1495 413 1552 23.
458 1487 602 1550 Nec
626 1497 825 1550 tamen
860 1491 1061 1550 statim
1085 1490 1269 1570 recipi
1296 1487 1601 1571 Nepheris
1626 1489 1840 1569 potuit,
1868 1509 2004 1572 quae
2027 1509 2135 1572 pe-
2159 1497 2316 1548 Str-b.

222 1597 331 1647 tm
348 1575 353 1580 ’
368 1585 637 1669 praealtae
680 1588 979 1670 imposita,
1006 1586 1203 1648 adhuc
1234 1585 1385 1647 duos
1424 1595 1489 1646 et
1513 1587 1728 1666 viginti
1755 1586 1884 1647 dies
1907 1588 2132 1648 exerci-
2159 1562 2376 1628 Appm.

221 1691 351 1744 tum
402 1691 763 1764 occupatum
812 1685 1026 1755 tenuit,
1076 1691 1245 1744 tauto
1295 1677 1614 1744 difficiliori
1665 1685 2134 1764 oppugnatione,

226 1787 455 1860 quanto
479 1779 543 1838 in
577 1780 725 1842 locis
758 1782 980 1862 asperis
1018 1781 1287 1863 hyberna
1314 1779 1535 1859 frigora
1572 1779 1973 1841 vehementius
2001 1801 2137 1840 sen·
2255 1787 2262 1795 “

226 1877 471 1939 tiuntur.
562 1874 687 1938 Sed
726 1897 1005 1957 magnum
1045 1895 1242 1959 operae
1284 1877 1541 1958 pretium
1574 1877 1654 1936 ab
1686 1876 1800 1937 hac
1830 1895 2134 1957 expugna-

225 1974 382 2035 tione
408 1975 640 2037 consuli
664 1974 812 2034 fuit:
856 1973 1065 2034 eodem
1088 1974 1247 2034 enim
1274 1973 1401 2034 fato
1427 1972 1812 2050 Carthaginis
1847 1973 2003 2034 vires
2035 1993 2134 2034 ce-

224 2070 441 2132 cidere.
508 2072 637 2133 His
658 2072 813 2130 enim
838 2091 875 2130 e
899 2071 1107 2131 castris
1129 2078 1491 2131 commeatus
1510 2071 1856 2131 mittebatur
1881 2070 2134 2130 obsessae

224 2167 393 2227 urbi:
422 2169 557 2228 haec
582 2168 771 2228 altera
793 2187 929 2248 spes
952 2166 1255 2226 Punicum
1280 2166 1589 2246 imperium
1619 2166 1986 2236 amantibus3
2015 2166 2132 2228 hoc

224 2263 467 2324 unicum
490 2263 571 2324 ad
612 2261 947 2324 retinendos
980 2263 1289 2341 ambiguos
1327 2260 1631 2323 vinculum
1675 2269 1822 2322 erat.
1907 2259 2132 2342 Neque

223 2357 585 2420 distulerunt
605 2368 805 2420 cetera
826 2357 1107 2439 deinceps
1140 2357 1415 2439 praesidia
1454 2357 1870 2420 Romanorum
1903 2355 2043 2418 fidei
2069 2379 2132 2419 se

226 2455 587 2534 permittere.
675 2454 859 2515 Unde
890 2454 1109 2515 clausis
1142 2455 1207 2514 in
1241 2473 1421 2514 unam
1452 2455 1666 2514 urbem
1700 2452 1912 2514 Poenis
1947 2454 2136 2515 omnis

224 2550 283 2608 in
310 2561 615 2631 posterum
640 2550 971 2632 accipiendi
1009 2549 1139 2611 ulla
1178 2569 1257 2611 ex
1295 2557 1463 2631 parte
1490 2559 1854 2612 commeatus
1877 2548 2136 2613 facultas

224 2645 548 2708 intercidit.

300 2749 405 2806 24.
452 2743 654 2826 Capto
678 2743 929 2805 castello
956 2745 1255 2806 universas
1280 2745 1492 2804 iterum
1516 2743 1723 2825 copias
1757 2743 1836 2804 ad
1878 2741 2132 2804 cartha„
2155 2787 2310 2837 Zona

224 2840 377 2916 ginis
400 2841 699 2901 obsidium
733 2839 975 2900 reduxit
1008 2839 1236 2922 Scipio,
1262 2841 1415 2902 inter
1439 2861 1590 2921 quas
1613 2861 1752 2901 cum
1776 2839 2132 2901 Hasdrubal

225 2933 637 2996 Numidarum
692 2939 1026 3018 conspectis
1074 2939 1379 3019 equitibus
1443 2937 1764 3016 Gulussam
1831 2937 2133 2998 revertisse

223 3033 594 3110 conjecisset,
661 3033 1021 3114 colloquium
1066 3037 1210 3113 'ejus
1272 3033 1585 3114 expetivit.
1667 3034 1824 3094 Tum
1873 3035 2132 3094 maxime
2185 3053 2364 3120 Polyb,
2377 3067 2460 3118 gp,

222 3138 543 3210 conspecta
588 3130 849 3190 hominis
896 3131 1154 3201 vanitas,
1196 3129 1563 3212 fortunaeque
1609 3149 1733 3190 suae
1778 3129 2134 3210 perabsurde
2153 3119 2268 3172 Vd-

222 3223 461 3303 ignarus
486 3228 718 3286 animus
740 3226 879 3288 fuit.
961 3227 1293 3288 Accinctus
1318 3226 1500 3297 enim,
1528 3227 1826 3306 armisque
1851 3234 1978 3287 toto
2003 3245 2133 3286 cor·

226 3339 363 3399 pore
392 3331 607 3394 tectus,
652 3323 867 3402 quibus
888 3322 1268 3404 chlamydem
1294 3343 1372 3383 ex
1410 3321 1599 3403 Tyria
1624 3343 1879 3404 purpura
1911 3323 2134 3402 injece-

222 3425 333 3488 rat,
358 3437 503 3478 cum
544 3418 753 3480 decem
792 3419 1135 3480 custodibus
1171 3420 1435 3500 corporis
1468 3419 1792 3479 machaeras
1815 3418 2136 3480 ferentibus

222 3517 523 3592 processit.
606 3515 845 3578 Deinde
880 3518 1105 3578 relictis
1136 3517 1253 3588 his,
1290 3515 1369 3575 ad
1406 3517 1664 3597 spatium
1697 3516 1881 3577 ferme
1917 3515 2136 3597 pedum

220 3610 430 3689 viginti
458 3633 815 3695 progressus,
832 3614 1026 3673 innuit
1046 3614 1193 3692 regi,
1220 3621 1287 3672 ut
1312 3612 1391 3672 ad
1406 3633 1471 3672 se
1490 3611 1972 3684 accederet,cum
1986 3633 2132 3673 con-

222 3713 309 3766 tra
334 3706 469 3768 fieri
494 3710 863 3790 oportuisset.
933 3709 1028 3768 At
1056 3707 1353 3780 Numida,
1381 3728 1487 3790 pro
1510 3707 1896 3790 simplicitate
1919 3710 2131 3786 gentis,

222 3803 371 3866 talia
397 3825 508 3886 pro
532 3806 811 3866 inanibus
832 3825 1129 3886 spernens,
1148 3804 1315 3866 solus
1336 3805 1622 3866 accessit:
1667 3813 1731 3864 et
1753 3824 1892 3866 cum
1927 3805 2013 3866 ita
2035 3825 2132 3864 so-

220 3903 379 3963 licite
418 3910 818 3982 perarmatum
861 3900 1128 3974 vidisset,
1156 3921 1500 3983 quanquam
1532 3899 1694 3961 fossa
1721 3901 2002 3980 valloque
2037 3901 2129 3960 in-

223 4001 477 4079 terjecto
501 4005 819 4076 tegeretur,
846 3999 1233 4078 interrogavit
1254 4000 1429 4077 cujus
1452 4005 1610 4058 metu
1633 4015 1800 4057 arma
1824 3994 2126 4056 induisset.

222 4094 343 4157 Illo
368 4094 685 4154 Romanos
708 4103 969 4154 metuere
988 4095 1248 4166 dicente,
1278 4104 1295 4130 ‘
1316 4091 1467 4153 Non
1495 4091 1716 4172 igitur,'
1743 4092 1968 4172 excipit
1985 4089 2127 4154 Nu-

220 4191 403 4262 mida,
430 4199 449 4227 ‘
470 4189 598 4250 sine
624 4199 854 4262 causa,⁰
879 4200 985 4250 aut
1010 4198 1223 4272 proeter
1258 4189 1670 4249 necessitatem
1697 4189 1826 4248 urbi
1853 4196 1910 4248 te
1939 4185 2127 4248 inclu-

221 4289 359 4350 sisti.
390 4275 403 4284 ’
448 4285 731 4348 Ceterum
757 4286 903 4368 quid
930 4295 1022 4348 est
1042 4286 1201 4368 quod
1228 4295 1397 4370 petas
1414 4285 1462 4347 ’.θ’

282 4477 305 4505 Φ
338 4469 455 4550 Non
490 4457 648 4533 ἰσίαν
691 4505 709 4520 .
730 4503 743 4521 .
764 4503 779 4521 .
816 4469 921 4520 εἰπε
950 4458 1129 4534 ἀπίω]
1166 4467 1337 4520 Aliter
1364 4467 1521 4520 vertit
1556 4467 1836 4532 Polybium
1869 4467 2128 4532 Valesius,
