3225 5242
731 696 866 746 Plut.

1565 583 1575 594 -
1667 557 1741 609 τ.
1788 529 1985 606 mvn

1023 705 1092 758 ut
1112 717 1247 757 cum
1285 707 1514 779 partem
1537 697 1863 780 spoliorum
1896 697 2265 772 divenderet,
2290 701 2515 762 nemini
2556 701 2942 762 familiarium

1023 813 1262 855 suorum
1287 814 1481 874 neque
1506 794 1717 867 libero,
1742 815 1933 876 neque
1958 817 2150 869 servo,
2176 797 2495 879 quiequam
2522 818 2599 858 ex
2620 799 2691 858 iis
2714 817 2791 857 ne
2814 818 2942 858 em-

1023 898 1150 949 tum
1177 890 1418 971 quidem
1446 892 1669 952 habere
1692 892 1927 956 sineret.
2012 891 2187 970 Haec
2212 893 2304 954 illi
2338 895 2467 954 viro
2504 895 2677 966 ratio,
2704 895 2819 954 hoc
2860 893 2943 954 ad

1024 985 1372 1047 felicitatem
1417 996 1484 1048 et
1527 988 1777 1066 gloriam
1819 990 1931 1050 iter
1965 987 2229 1071 placuit:
2286 991 2448 1070 quod
2488 991 2539 1051 si
2586 1009 2741 1051 nunc
2792 991 2945 1051 inire

1023 1081 1336 1162 quisquam
1382 1092 1648 1164 cuperet,
1678 1083 1833 1146 ultro
1873 1086 2131 1146 insanire
2174 1095 2521 1167 putaretur:
2561 1086 2707 1147 dum
2746 1106 2945 1165 neque

1023 1181 1150 1241 eine
1175 1183 1390 1263 opibus
1415 1203 1659 1264 quoquo
1686 1184 1863 1244 modo
1889 1185 2075 1266 partis
2098 1194 2369 1246 constare
2396 1184 2746 1264 dignitatem
2772 1205 2948 1266 posse

1025 1277 1307 1350 creditur,
1335 1288 1398 1340 et
1421 1287 1622 1342 tamen
1647 1280 1857 1341 iisdem
1901 1281 2006 1342 alii
2031 1281 2157 1342 sine
2182 1280 2421 1362 jndicio
2464 1281 2811 1362 spargendis
2848 1273 2947 1342 *fa-

1025 1393 1186 1434 mam
1207 1384 1576 1456 aucupantur
1595 1397 1612 1436 t
1642 1377 1795 1438 adeo
1814 1377 1993 1438 hodie
2008 1398 2187 1458 quam
2206 1377 2527 1458 cujuslibet
2544 1376 2743 1438 laudis
2758 1376 2950 1448 avidi,

1025 1477 1156 1531 tam
1179 1472 1371 1551 ignari
1397 1492 1554 1533 νει-ω
1578 1492 1799 1535 sumus.
1860 1473 2141 1535 Ceterum
2177 1474 2491 1556 proconsul
2518 1493 2684 1534 arma
2704 1473 2952 1535 Punica

1029 1568 1474 1650 machinasque,
1501 1578 1566 1646 et
1590 1570 1753 1652 quod
1780 1573 2019 1633 navium
2046 1571 2357 1632 maritimis
2373 1572 2573 1632 usibus
2593 1581 2799 1652 aptum
2818 1591 2949 1632 esse

1030 1662 1309 1738 desierat,
1340 1665 1531 1728 Marti
1557 1689 1631 1729 ac
1670 1668 1960 1730 Minervae
2002 1667 2225 1731 donum
2272 1667 2555 1729 Romano
2600 1687 2761 1728 more
2800 1687 2950 1730 con-

1031 1763 1340 1823 cremavit.

1113 1864 1216 1918 52.
1258 1857 1354 1919 At
1378 1857 1598 1921 Romae
1636 1881 1775 1922 cum
1816 1861 2087 1922 victoriae
2134 1861 2407 1921 nuntium
2449 1870 2515 1921 et
2558 1861 2729 1940 signa
2752 1859 2954 1921 ferens
3042 1849 3061 1860 ”

1033 1955 1205 2014 navis
1231 1955 1579 2037 appulisset,
1604 1977 1853 2038 seroque
1882 1959 2017 2037 jam
2042 1977 2282 2038 voepere
2306 1957 2557 2036 vulgata
2582 1976 2688 2038 per
2702 1959 2953 2018 univer-

1034 2069 1164 2110 sam
1188 2053 1395 2112 urbem
1421 2062 1607 2114 tantae
1645 2053 1874 2114 laetitiae
1896 2053 2062 2114 fama
2098 2063 2271 2126 esset,
2295 2073 2636 2136 procurrere
2662 2055 2722 2113 in
2748 2053 2953 2135 publi-

1033 2167 1173 2208 cum
1198 2169 1321 2230 proe
1343 2149 1566 2228 gaudio
1599 2150 2319 2231 hominoe,·amplectique
2362 2153 2619 2214 invicem
2654 2159 2720 2210 et
2742 2159 2949 2229 gratu·

1033 2241 1146 2304 lari
1175 2254 1504 2327 temporum
1529 2246 1902 2319 felicitatem,
1928 2247 2092 2328 quod
2118 2267 2273 2307 nune
2296 2246 2536 2307 demum
2561 2249 2763 2308 vivere
2786 2267 2853 2308 se
2878 2267 2955 2308 ac

1032 2341 1257 2414 valere,
1287 2363 1480 2424 neque
1507 2343 1847 2406 libertatem
1886 2344 2079 2404 solum
2114 2345 2239 2404 sine
2280 2353 2465 2415 metu,
2497 2344 2603 2404 sed
2626 2345 2811 2404 etiam
2836 2345 2953 2404 im·

1030 2439 1256 2518 perium
1279 2438 1403 2499 sine
1429 2440 1646 2502 aemulo
1670 2449 1875 2502 tenere
1900 2439 2103 2501 deleta
2128 2439 2497 2519 Carthagine
2538 2441 2951 2501 autumabant.

1031 2532 1256 2614 Neque
1281 2555 1425 2595 sane
1449 2535 1620 2597 nulla
1646 2545 1753 2598 aut
1777 2537 1896 2598 levi
1923 2536 1999 2597 de
2024 2557 2209 2598 causa
2232 2538 2321 2597 sic
2336 2536 2695 2598 exultabant
2712 2537 2951 2609 animis,

1031 2631 1220 2709 gnari,
1247 2652 1593 2713 quanquam
1626 2634 1891 2713 ingentia
1913 2642 1977 2694 et
2002 2633 2153 2693 alias
2184 2633 2380 2704 bella,
2402 2643 2614 2694 contra
2650 2629 2949 2693 Macedo·

1031 2745 1156 2797 nes,
1182 2737 1394 2788 contra
1418 2727 1755 2811 Hispanos,
1777 2730 2016 2790 demum
2035 2739 2243 2790 eontra
2263 2729 2559 2808 Magnum
2580 2727 2955 2790 Antiochum

1031 2823 1144 2903 ipsi
1171 2833 1442 2904 patresve
1479 2845 1684 2886 eorum
1718 2826 2125 2898 bellavissent,
2152 2825 2383 2886 nullum
2422 2836 2623 2887 tamen
2657 2833 2765 2886 aut
2788 2843 2955 2904 mag-

1031 2918 1302 2981 nitudine
1330 2921 1745 3002 periculorum,
1772 2931 1880 2984 aut
1904 2923 2229 2984 acerbitate
2269 2922 2533 2984 cladium
2558 2919 2793 3002 aequale
2818 2921 2955 2982 Pu·
2984 2951 2993 2958 ·

1034 3015 1188 3076 nicis
1211 3015 1414 3089 fuisse,
1450 3018 1669 3099 quibus
1696 3020 1760 3078 in
1802 3017 2015 3080 Sicilia
2057 3017 2504 3101 Hispaniaque,
2546 3017 2652 3078 sed
2692 3018 2956 3078 maxime

1035 3111 1098 3171 in
1123 3111 1254 3194 ipsa
1281 3111 1468 3174 Italia
1492 3134 1600 3196 per
1624 3114 1885 3176 sedecim
1914 3134 2099 3176 annos
2134 3116 2420 3176 immania
2452 3115 2675 3176 damna
2698 3113 2957 3194 pertule-

1037 3216 1212 3269 rant:
1255 3230 1392 3270 cum
1418 3231 1570 3272 unus
1599 3209 1919 3298 Hannibal
1962 3211 2187 3293 oppida
2210 3211 2643 3292 quadringenta
2678 3209 2957 3281 flammis,

1037 3305 1340 3367 hominum
1391 3317 1661 3369 trecenta
1699 3309 1895 3370 millia
1943 3309 2099 3369 ferro
2148 3310 2537 3370 consumsisse
2580 3309 2837 3380 dicatur,
2880 3327 2961 3369 ne

1037 3405 1398 3486 computatis
1438 3404 1680 3485 quidem
1723 3426 1873 3486 quos
1918 3417 2092 3466 extra
2140 3425 2469 3488 pugnarum
2508 3405 2807 3466 fortunam
2850 3403 2961 3465 alii

1038 3519 1212 3562 casus
1236 3500 1627 3561 abstulerunt.

1121 3603 1224 3657 53.
1268 3596 1432 3658 Haec
1457 3599 1659 3678 igitur,
1686 3608 1751 3661 et
1784 3597 1863 3660 ad
1908 3601 2097 3682 ipsam
2142 3599 2351 3660 urbem
2398 3583 2665 3660 Romam
2710 3596 2963 3660 admota

1041 3693 1366 3755 Poenorum
1407 3696 1579 3775 signa
1604 3707 1964 3779 reputantes,
1990 3699 2095 3758 vix
2122 3696 2299 3758 fidem
2328 3697 2415 3756 rei
2438 3705 2617 3775 gesta
2636 3697 2967 3777 capiebant

1039 3790 1274 3863 animis,
1301 3791 1456 3853 alius
1481 3791 1667 3853 alium
1692 3795 2034 3874 rogitantes,
2064 3803 2081 3832 ⁶
2112 3793 2327 3875 ecquid
2351 3794 2527 3854 certis
2550 3795 2791 3854 omnino
2818 3813 2962 3854 auc-

1041 3887 1269 3948 toribus
1293 3888 1421 3949 haec
1446 3899 1616 3951 tanta
1646 3893 1901 3952 victoria
1939 3892 2277 3952 crederetur
2294 3891 2320 3951 ἵ
2332 3892 2351 3920 ’
2398 3889 2639 3950 Deinde
2676 3889 2961 3951 in-udmi-

1044 3985 1330 4047 rationem
1375 3987 1538 4047 urbis
1577 3988 1777 4062 victae,
1822 3991 2243 4069 hominumque
2295 3995 2564 4048 extrema
2604 3987 2807 4047 omnia
2852 4005 2963 4067 pm

1045 4081 1190 4141 urbe
1238 4080 1512 4144 amorum
1555 4086 1732 4156 versi,
1768 4095 2057 4166 quantum
2093 4085 2255 4145 illius
2276 4085 2477 4155 robur,
2518 4091 2746 4163 quanta
2769 4081 2964 4142 homi-

1045 4195 1188 4238 num
1229 4177 1506 4250 audacia,
1534 4201 1717 4261 quam
1761 4181 2125 4243 incredibilis
2161 4181 2427 4252 durities,
2454 4199 2637 4260 quam
2662 4179 2967 4256 ingeniosa

1045 4271 1344 4336 calliditas
1365 4275 1594 4351 fuisset,
1622 4278 2007 4360 repetebant:
2050 4298 2167 4340 non
2192 4279 2319 4340 sine
2360 4277 2589 4356 ingenti
2633 4273 2823 4354 gloria
2849 4273 2962 4334 im·-

1047 4371 1354 4451 Ρθηωῐίῦ»
1383 4372 1487 4454 qui
1512 4373 1642 4437 haee
1666 4376 1866 4442 omnia
1902 4377 2172 4450 consino,
2200 4375 2427 4448 labore,
2454 4394 2529 4436 ac
2551 4374 2767 4436 virtute
2784 4389 2963 4454 supe-
