3225 5242
773 548 980 599 ιιιιιιι
1033 550 1264 599 ωιιιι.
1307 545 1986 603 susannam-uu:
2308 537 2485 607 ⁴247

241 700 356 755 ret.
441 690 566 755 Sed
591 691 772 755 aliam
797 691 1040 775 quidem
1065 690 1306 775 Syriam
1333 688 1616 777 Grypum
1658 712 1793 757 eam
1830 712 1968 776 (με
1990 692 2161 757 Coele

243 797 516 861 vocatur,
546 788 886 871 Cyzicenus
911 788 1241 850 obtinebat.

325 892 434 947 41.
478 884 584 947 Sic
612 885 806 947 divisa
829 884 982 945 inter
1015 884 1165 945 duos
1203 886 1478 967 potentia
1499 906 1637 947 cum
1662 886 1853 949 minus
1888 906 1929 947 a
1950 886 2163 949 vicin'u
2180 892 2388 961 saaph.

245 984 576 1053 timeretur,
603 980 950 1043 Judoeorum
973 982 1334 1063 respublica,
1360 981 1596 1043 Joanne
1622 983 1911 1065 principe,
1934 983 2165 1063 magnis

245 1079 619 1141 incrementis
643 1078 724 1141 ad
750 1078 1122 1161 pristinarum
1139 1099 1320 1162 opum
1345 1080 1604 1161 speciem
1632 1078 1909 1141 refloruit.
1988 1079 2163 1141 Huic

244 1173 470 1235 Joanni
519 1184 974 1255 cognomentum
1011 1174 1312 1285 Hyrcano
1351 1174 1487 1249 fuit,
1533 1176 1717 1237 etiam
1754 1186 1895 1237 ante
1930 1176 2165 1259 populis
2216 1178 2395 1245 Soehss
2434 1180 2491 1231 in
2514 1170 2529 1178 ’

250 1272 372 1333 illis
399 1292 520 1333 non
543 1272 948 1353 incognitum.
977 1293 1050 1333 ne
1077 1272 1212 1355 quis
1237 1292 1276 1333 a
1301 1283 1476 1353 gente
1501 1272 1665 1335 victa
1687 1273 2088 1335 vocabulum
2072 1244 2459 1374 m·}⁰1⁸;bg,„

247 1368 442 1431 ditum
474 1368 674 1451 inepte
715 1369 1142 1431 affirmantibus
1179 1369 1409 1433 credat.
1496 1368 1627 1452 Ipsi
1662 1370 1902 1451 quidem
1938 1368 2163 1443 sudaei,
2219 1372 2433 1424 Pseudo-

249 1486 594 1549 quanquam
611 1467 818 1547 gloriae
843 1466 1080 1547 gentilis
1097 1468 1450 1549 impotenter
1473 1468 1746 1539 studiosi,
1765 1466 2085 1529 fraternum
2102 1467 2165 1529 id
2186 1438 2393 1505 ‘¹um
2414 1454 2491 1489 ι’·

246 1582 462 1625 nomen
486 1564 664 1625 fuisse
689 1564 974 1637 referunt,
995 1574 1059 1625 et
1071 1574 1218 1647 post
1235 1574 1482 1627 mortem
1508 1564 1695 1638 illius,
1704 1564 1803 1627 ab
1830 1562 2004 1627 affine
2030 1586 2165 1647 pro-

247 1660 463 1722 ditorie
497 1662 816 1735 interfecti,
856 1661 1094 1723 decreto
1128 1663 1420 1725 seniorum
1459 1663 1520 1723 in
1555 1663 1717 1725 huno
1744 1662 2069 1725 collatum·
2052 1708 2071 1735 ,
2098 1673 2167 1725 ut

246 1758 608 1821 clarissimi
577 1760 822 1841 Juvenis
851 1760 996 1841 quia
1017 1760 1147 1821 vita
1177 1760 1352 1822 salva
1387 1780 1516 1823 eme
1549 1762 1925 1843 nequiverat,
1950 1760 2167 1822 saltem

247 1864 544 1937 superstes
568 1865 632 1917 et
653 1857 1004 1917 honoratum
1031 1875 1246 1919 nomen
1271 1856 1446 1917 foret.

327 1958 432 2015 42.
477 1950 610 2013 Hic
636 1952 834 2033 igitur,
873 1972 1014 2015 cum
1047 1952 1282 2035 Syriaci
1321 1954 1485 2033 regni
1507 1952 1963 2015 formidabilem
1988 1960 2167 2015 antea
2186 1967 2393 2037 Joseph.

247 2049 576 2129 potentiam
609 2056 894 2131 perpetua
914 2068 1116 2129 regum
1137 2051 1294 2111 inter
1313 2070 1376 2109 se
1395 2048 1562 2111 bella
1583 2048 2017 2122 debilitassent,
2028 2050 2163 2129 jam

249 2166 286 2205 a
311 2154 498 2205 morte
521 2144 818 2207 Antiochi
831 2166 951 2227 quo
970 2154 1146 2207 natus
1163 2154 1254 2207 est
1279 2145 1639 2228 Cyzicenus,
1665 2146 1935 2225 abjecit
1904 2164 2159 2225 Jugum·
2218 2163 2254 2215 J
2258 2165 2403 2217 untia

247 2260 442 2323 neque
469 2249 676 2322 postea
701 2242 1022 2323 quicquam
1047 2262 1153 2324 pro
1173 2242 1436 2303 obnoxio
1461 2251 1569 2302 aut
1590 2241 1809 2303 cliente
1830 2238 2029 2303 facero
2052 2262 2161 2305 vo·
2183 2245 2393 2361 33:3¹¹·
2406 2232 2456 2282 ¹·

247 2336 380 2399 luit.
465 2336 592 2399 Sed
615 2338 894 2399 maximis
915 2338 1177 2420 pecuniis
1195 2358 1272 2399 ex
1298 2338 1502 2418 quieta
1517 2335 1891 2399 fertilissima
1906 2337 2165 2417 regionis

245 2434 636 2515 possessione,
675 2435 934 2496 maxime
968 2455 1047 2497 ex
1085 2433 1456 2517 opobalsami
1493 2432 1913 2513 vectigalibus,
1938 2454 2165 2544 paucos
2218 2442 2253 2495 J
2256 2444 2405 2494 mun
2504 2510 2507 2514 ¹

247 2530 406 2591 intra
431 2550 617 2593 annos
649 2531 945 2603 collectis,
972 2552 1110 2593 cum
1136 2531 1420 2593 Romano
1445 2530 1668 2613 populo
1694 2532 1859 2592 socio
1888 2538 1951 2594 et
1972 2530 2165 2593 amico
2190 2524 2408 2623 '‘ffl-
2408 2512 2461 2561 ⁸·

251 2634 536 2699 uteretur,
561 2636 628 2689 et
651 2628 894 2689 amissas
923 2626 1221 2689 Antiochi
1263 2626 1426 2691 bello
1455 2628 1634 2689 urbes
1668 2628 2061 2709 recuperavit,
2104 2636 2169 2689 et
2191 2636 2289 2687 chr
2289 2653 2373 2691 on.

247 2722 408 2785 ultro
450 2722 648 2806 plures
685 2724 836 2787 alias
871 2724 1240 2805 expugnavit
1273 2724 1468 2785 armis.
1553 2723 1725 2791 Quin
1766 2733 1829 2785 et
1864 2722 2167 2785 Idumoeos
2186 2702 2391 2769 ³⁰⁰⁶P¹¹⁶

247 2820 413 2881 bello
437 2818 757 2899 fatigatos
741 2840 803 2881 ιιι
838 2819 1200 2881 deditionem
1225 2822 1483 2901 accepit,
1514 2819 1555 2880 J
1559 2800 1893 2902 udaicoque
1917 2820 2165 2903 populo,

246 2916 714 3005 circumcisionis
747 2924 810 2977 et
841 2936 1142 2977 sacrorum
1171 2918 1608 2987 communione,
1650 2917 1987 2987 accensuit,
2032 2938 2163 2979 vea-
2220 2928 2437 2979 Pseudo·

207 3058 216 3064 .
247 3013 412 3093 tigiis
430 3000 630 3075 tamen
653 3015 955 3075 servitutis
979 3012 1038 3073 in
1051 3014 1212 3093 juris
1237 3012 1651 3093 inaequalitate
1676 3014 2039 3075 extantibus.
2186 2993 2391 3061 ῙοκΡὴ·

328 3117 436 3171 43.
479 3110 634 3173 Mox
676 3118 740 3172 et
785 3110 1140 3183 Samariam,
1187 3110 1436 3181 alteram
1475 3110 1621 3171 olim
1660 3112 1853 3191 gentis
1886 3110 2160 3171 Judaieae
2184 3124 2394 3191 soaph.

249 3208 496 3289 regiam,
547 3208 654 3271 sed
687 3216 814 3269 tum
849 3207 1016 3289 Syris
1057 3216 1382 3289 parentem,
1429 3206 1588 3269 fossa
1620 3217 1685 3269 et
1722 3206 1949 3289 duplici
1994 3226 2163 3269 muro

246 3304 700 3377 circumdatam,
728 3303 809 3366 ad
835 3304 1106 3365 insolitos
1137 3305 1306 3365 cibos
1335 3302 1558 3385 adegit.
1645 3304 1791 3371 Qua
1814 3304 2163 3367 neceffitate
2219 3377 2226 3383 ι

247 3421 388 3463 cnm
417 3401 787 3485 Cyzicenum
813 3400 1188 3463 Antiochum
1225 3400 1306 3463 ad
1335 3422 1511 3485 opem
1545 3401 1660 3463 sibi
1692 3400 1995 3483 ferendam
2030 3422 2162 3485 per—

250 3500 593 3571 movissent,
619 3519 658 3561 a
691 3496 832 3559 filiis
859 3498 1140 3581 Hyrcani
1162 3498 1522 3561 Aristobulo
1551 3506 1619 3561 et
1654 3498 1966 3579 Antigono
1988 3518 2161 3580 supe·-

247 3606 412 3657 ratus
436 3595 612 3677 fugit,-
631 3595 1024 3677 Scythopolin
1040 3616 1226 3677 usque
1244 3597 1734 3679 persequentibus
1754 3616 1889 3659 enm
1913 3594 2161 3659 Judaeis.

251 3694 528 3757 Perfer-re
570 3702 774 3757 tamen
811 3694 1014 3755 omnia
1051 3694 1212 3775 prins
1243 3693 1558 3757 Samaritae
1591 3694 1949 3766 maluerunt,
1980 3714 2161 3775 quam

249 3792 640 3851 infestissimis
663 3788 929 3852 hostibus
947 3812 1010 3851 se
1029 3790 1335 3853 dederent.
1419 3790 1616 3872 Igitur
1642 3811 1986 3873 quanquam
2008 3814 2159 3873 quo-

240 3890 397 3961 ‚tidie
425 3890 662 3969 gravius
685 3890 936 3969 urgebat
968 3888 1177 3961 famas,
1213 3898 1277 3951 et
1300 3890 1406 3952 vix
1431 3890 1655 3971 sperari
1679 3896 1937 3969 poterat,
1964 3908 2161 3968 regem

249 3986 628 4056 Antiochum
663 4007 786 4049 rem
811 3987 994 4047 semel
1019 3986 1328 4049 infeliciter
1361 3994 1678 4059 tentatam,
1705 3986 2028 4067 praesertim
2054 3988 2161 4067 qui

251 4087 494 4147 minime
517 4084 704 4166 copiis
723 4084 1074 4158 abundaret,
1096 4086 1312 4147 iterum
1335 4103 1773 4165 aggressurumz
1804 4090 2003 4143 tamen
2028 4104 2159 4145 ora·-

251 4181 413 4245 tores
452 4204 558 4265 per
599 4182 900 4245 custodias
933 4183 1190 4245 hostium
1229 4183 1566 4253 emiserunt,
1609 4182 1715 4261 qui
1749 4182 1901 4242 bene
1936 4181 2159 4241 meritae

251 4282 513 4343 civitatis
531 4289 802 4343 extrema
821 4279 1107 4363 pericula,
1127 4290 1194 4341 et
1219 4300 1396 4343 unam
1423 4280 1484 4341 in
1511 4279 1641 4363 ipso
1661 4277 1953 4340 residuam
1970 4298 2159 4359 spem,

259 4380 618 4439 nuntiarent.
