3225 5242
680 534 860 603 483⁰
1173 576 1178 579 -
1599 512 1608 519 ⁴
1662 514 1745 601 ‘n‘
1778 548 1975 599 mvn

1009 695 1224 763 deinde
1265 694 1600 778 pactionem
1644 692 1860 778 praetor
1902 690 2217 753 Romanus
2258 692 2442 755 fecit:
2484 712 2677 775 eoque
2694 686 2920 757 dolore

1006 792 1342 874 complures
1365 790 1442 853 ad
1469 790 1741 875 Salvium
1758 788 2215 868 transfugerunt.
2388 824 2396 833 ·

1087 897 1191 951 40.
1233 888 1364 950 Sub
1391 887 1631 949 eosdem
1648 886 1779 947 dies
1802 888 1867 947 in
1890 886 2343 965 AEgestanorum
2378 886 2919 967 Lilybaetanorum-

679 979 987 1035 mmm-1⁹·
1009 1008 1128 1068 que
1172 1006 1317 1067 agro
1353 1006 1554 1047 servos
1595 984 1755 1045 idem
1794 983 1979 1055 furor,
2022 982 2211 1043 veluti
2258 986 2559 1063 contagio,
2610 986 2920 1066 corripuit,

680 1078 838 1132 ΒΜ·
1010 1085 1358 1146 Athenione
1383 1083 1580 1145 Cilice
1604 1082 1800 1143 duce:
1842 1081 1947 1162 qui
1972 1078 2223 1142 fratrum
2246 1080 2497 1141 duorum
2524 1080 2921 1164 locupletissi-

675 1172 826 1257 „1¹¹⁰”
908 1224 914 1231 ‚
1009 1202 1236 1245 morum
1263 1181 1661 1262 dispensator,
1697 1179 1933 1239 circiter
1952 1177 2230 1239 ducentis
2252 1199 2329 1239 ex
2354 1178 2586 1239 familia
2602 1182 2920 1260 corruptis,

679 1269 834 1323 ”⁵⁰⁴¹-
1011 1282 1090 1341 ab
1123 1278 1294 1341 herili
1325 1278 1635 1357 sanguine,
1660 1275 1822 1358 qnod
1846 1275 2089 1337 solenne
2124 1286 2190 1337 et
2226 1276 2479 1357 primum
2513 1278 2647 1356 ejus
2686 1276 2924 1338 militia

1007 1377 1174 1439 velut
1221 1384 1661 1437 sacramentum
1711 1382 1861 1445 erat,
1912 1372 2295 1435 rebellionem
2344 1374 2706 1456 auspicatus,
2762 1374 2921 1435 intra

1005 1476 1276 1555 quintum
1300 1473 1539 1534 omnino
1558 1472 1743 1543 diem,
1771 1470 1941 1532 mille
1978 1472 2281 1532 hominum
2318 1472 2429 1531 sub
2466 1471 2651 1551 signis
2680 1472 2919 1533 habuit.

1007 1570 1200 1653 Apud
1223 1590 1394 1653 quos,
1431 1571 1578 1652 quia
1612 1590 1793 1629 manu
1828 1576 2116 1651 promtus,
2140 1577 2205 1629 et
2224 1566 2609 1629 divinationis
2626 1574 2919 1630 astrorum

1007 1671 1234 1749 peritus
1269 1667 1647 1738 credebatur,
1704 1666 1765 1725 in
1806 1686 2023 1745 magna
2060 1667 2441 1727 veneratione
2480 1666 2747 1739 habitus,
2786 1668 2921 1749 ipse

1007 1784 1246 1845 quoque
1271 1766 1436 1844 regia
1451 1764 1709 1844 insignia
1726 1764 1909 1845 cepit.
1992 1764 2277 1824 Ceterum
2300 1761 2534 1824 diverso
2560 1784 2600 1823 a
2622 1764 2921 1845 prioribus

1006 1862 1299 1934 instituto,
1321 1881 1436 1922 non
1463 1860 1768 1943 quoslibet
1790 1858 1871 1921 ad
1896 1880 1959 1921 se
1985 1860 2289 1922 venientes
2312 1861 2373 1919 in
2408 1860 2744 1942 manipulos
2766 1863 2921 1924 reci-

1005 1957 1246 2038 piebam
1289 1957 1394 2017 sed
1425 1958 1667 2020 delectu
1702 1956 2045 2023 idoneorum
2083 1957 2314 2029 habito,
2352 1964 2601 2031 ceteros,
2633 1979 2769 2038 quae
2802 1960 2919 2021 sub

1004 2054 1266 2137 antiquis
1281 2054 1536 2117 dominis
1553 2056 1804 2136 quisque
1824 2054 2081 2128 fecisset,
2100 2053 2313 2115 eadem
2336 2055 2451 2114 sibi
2474 2064 2754 2137 praestare
2776 2063 2919 2117 coii-

1005 2153 1114 2231 git.
1197 2152 1352 2213 Inde
1392 2152 1643 2225 factum,
1684 2161 1754 2212 ut
1786 2161 1853 2213 et
1889 2160 2221 2213 commeatu
2256 2150 2509 2231 largiore
2542 2160 2825 2227 uteretur,
2851 2164 2921 2215 et

1005 2250 1132 2329 agri
1161 2269 1200 2310 a
1225 2250 1524 2312 maleficio
1545 2251 1664 2310 tuti
1682 2257 1917 2310 essent:
1960 2250 2177 2329 quibus
2200 2250 2365 2330 parci
2396 2258 2467 2309 ut
2496 2252 2631 2329 jam
2666 2252 2785 2311 suis
2814 2253 2921 2331 ju·

1003 2348 1210 2419 bebat,
1233 2358 1252 2386 ‘
1271 2348 1386 2408 sibi
1411 2346 1619 2409 deberi
1638 2347 1821 2407 totius
1836 2346 2043 2406 insuloe
2061 2347 2373 2427 imperium
2386 2347 2405 2376 ’
2428 2346 2729 2408 dictitans.
2772 2358 2792 2385 ‘
2814 2348 2922 2409 Ita

1007 2444 1146 2505 Diis
1181 2444 1384 2506 cordi:
1426 2464 1622 2526 neque
1662 2465 1725 2505 se
1764 2464 1954 2505 novas
1994 2443 2073 2504 ad
2098 2444 2781 2523 regnumcogitationes,
2806 2446 2918 2506 sed

867 2580 880 2591 -
1001 2540 1108 2604 diu
1133 2542 1440 2615 meditata,
1465 2550 1753 2624 tantoque
1777 2540 2107 2602 salubriora
2144 2540 2439 2604 consilia⁶
2480 2542 2711 2614 afferre,
2752 2542 2918 2624 quod

1003 2639 1148 2701 olim
1173 2640 1469 2702 fortunam
1488 2660 1657 2701 suam
1680 2638 2111 2721 spondentibus
2134 2638 2305 2700 astris
2328 2640 2755 2720 praenovisset!

1081 2744 1186 2798 41.
1230 2737 1394 2799 Haec
1425 2737 1651 2820 opinio,
1688 2756 1825 2797 cum
1853 2727 2005 2817 Jam'
2031 2756 2071 2797 a
2103 2736 2397 2818 principio
2430 2736 2577 2797 satis
2605 2734 2919 2797 insedisset

1000 2835 1235 2907 animis,
1261 2855 1401 2895 mox
1437 2836 1723 2914 majorem
1759 2833 1939 2895 fidem
1966 2834 2205 2915 accepit
2231 2854 2311 2893 ex
2336 2854 2431 2905 eo,
2460 2832 2621 2913 quod
2648 2853 2915 2914 expone-

999 2950 1148 2993 mus.
1232 2930 1504 2993 Athenio
1537 2938 1844 2991 contracto
1888 2928 2097 2991 decem
2132 2928 2390 2989 millium
2427 2930 2701 2989 exercitu
2739 2928 2918 3011 Lily·

999 3028 1194 3089 boeum
1219 3027 1488 3089 obsidere
1511 3048 1709 3100 ausus,
1736 3047 1873 3089 cum
1900 3028 1961 3087 in
1992 3027 2153 3088 urbis
2178 3025 2585 3085 munitissimae
2606 3045 2917 3106 oppugna—

999 3125 1159 3187 tione
1197 3124 1412 3185 frustra
1445 3132 1682 3206 tempus
1722 3132 1958 3195 tereret,
2000 3131 2021 3159 ‘
2052 3140 2173 3182 non
2218 3120 2455 3202 placere
2496 3119 2559 3181 id
2596 3120 2915 3181 consilium

890 3223 904 3238 '
1002 3220 1172 3282 Diis’
1212 3230 1514 3293 causatus,
1549 3231 1568 3257 ⁸
1589 3219 1825 3281 cladem
1852 3218 2260 3279 imminentem
2286 3236 2541 3299 propera
2558 3217 2916 3278 discessione

867 3314 874 3329 ’
1000 3318 1306 3379 vitandam
1323 3320 1340 3348 ’
1369 3317 1580 3379 edixit.
1665 3317 1853 3377 Forte·
1876 3315 2021 3377 dum
2061 3315 2121 3375 in
2162 3336 2237 3376 eo
2272 3334 2364 3375 res
2401 3324 2514 3386 est,
2556 3312 2815 3375 nondum
2850 3315 2913 3391 in

1001 3422 1194 3473 tutum
1236 3416 1511 3475 omnibus
1550 3412 1825 3475 deductis
1866 3412 2078 3494 copiis,
2124 3431 2309 3473 naves
2349 3432 2529 3493 prope
2577 3410 2916 3492 Lilybaeum

1002 3511 1378 3590 appulerunt,
1421 3531 1558 3572 cum
1589 3509 1839 3571 delectis
1864 3508 2215 3570 Maurorum
2239 3507 2604 3579 cohortibus,
2629 3526 2781 3587 quas
2803 3527 2913 3568 au-

982 3606 1142 3691 ditis
1169 3608 1392 3669 Siciliae
1419 3608 1629 3680 turbis,
1668 3628 1853 3669 novus
1884 3606 2301 3667 Romanorum
2340 3600 2533 3665 socius
2566 3605 2917 3684 amicusque

1003 3703 1284 3767 Bocchus
1307 3704 1570 3765 subsidio
1595 3706 1856 3777 miserat,
1878 3705 2133 3785 impigro
2154 3703 2284 3764 viro
2310 3700 2585 3763 Gomone
2603 3702 2912 3783 praefecto.

1004 3800 1071 3862 Is
1092 3803 1348 3883 cognitis
1371 3822 1507 3884 quae
1531 3812 1864 3882 agerentur,
1892 3810 2071 3862 noctu
2112 3802 2490 3883 impressione
2516 3800 2578 3859 in
2600 3798 2914 3861 disceden-

1001 3910 1092 3962 tes
1123 3901 1310 3973 facta,
1335 3922 1472 3962 cum
1504 3910 1641 3982 post
1670 3901 1862 3963 multa
1894 3900 2275 3981 fugitivorum
2312 3898 2561 3960 vulnera
2593 3898 2914 3979 caedesque

1001 3998 1061 4059 in
1079 3999 1370 4084 oppidum
1393 4019 1457 4059 se
1483 4001 1823 4080 recepisset,
1845 3998 2211 4059 Athenionis
2235 3996 2719 4079 praedictionibus
2742 4015 2913 4075 mag-

999 4116 1138 4157 nam
1165 4095 1324 4179 apud
1344 4104 1574 4157 ceteros
1597 4095 2049 4159 admirationem
2070 4104 2251 4177 atque
2271 4093 2451 4156 fidem
2475 4093 2842 4155 conciliavit.

677 4179 852 4297 &³2:¹⁹-
873 4196 954 4249 ⁸1²·
1081 4200 1183 4254 42.
1226 4194 1513 4255 Ceterum
1555 4214 1631 4255 ne
1676 4194 1989 4273 servilibus
2030 4202 2265 4256 tautum
2304 4190 2657 4253 tumultibus
2697 4188 2917 4251 Sicilia

1358 4402 1394 4447 6
1425 4398 1782 4451 Desideratnr
1800 4400 2003 4452 casilia
2027 4398 2079 4449 in
2103 4396 2226 4451 edd.
2246 4404 2371 4449 ante
2389 4396 2550 4448 Crev.
