3225 5242
807 498 1016 549 unni
1068 498 1202 549 nx.
1247 494 1897 549 sufuratarum.
2281 474 2465 547 41oe

221 663 342 723 que
373 642 540 705 haud
573 644 859 723 ambigua
883 642 1398 715 condemnatione,
1428 642 1534 705 diu
1573 642 1805 721 agitata
1840 636 2128 701 Numito-
2153 635 2295 750 la§3³1²-
2310 636 2417 755 (1ίᾶπ

220 742 288 801 rii
317 760 509 803 cansa
551 750 676 811 eet3
718 761 860 803 cum
905 760 1110 803 recens
1153 741 1430 802 meritum
1457 740 1749 823 prioribus
1776 736 2131 819 quibusdam
2192 718 2259 755 ω’
2280 718 2331 755 '⁸
2418 738 2435 757 ⁰

219 835 402 899 dictis
433 842 570 921 ejus
596 838 913 921 factisque,
955 839 1174 919 quibus
1210 858 1486 901 aversum
1521 859 1562 899 a
1593 835 1817 918 populo
1851 834 2130 895 Romano

219 935 490 997 animum
505 945 842 1018 aperuerat,
859 936 1052 997 levius
1063 935 1374 997 videretur.
1444 935 1556 997 Ad
1585 944 1917 995 extremum
1932 940 2130 993 tamen

220 1030 566 1113 deprecanti
605 1034 782 1095 venia
815 1032 994 1095 data:
1037 1035 1288 1115 plusque
1315 1031 1532 1105 valuit,
1570 1030 1735 1111 quod
1772 1030 1857 1092 rei
1899 1030 2131 1107 Roma-

219 1148 314 1189 ne
367 1129 695 1211 profuerat,
745 1150 926 1212 quam
975 1130 1136 1211 quod
1195 1150 1408 1191 nocere
1451 1128 1711 1192 voluisse
1756 1128 2131 1207 arguebatur.

223 1224 328 1287 Ita
371 1226 542 1288 bello
588 1226 841 1289 feliciter
887 1237 1077 1307 gesto,
1123 1228 1516 1309 maximisque
1557 1223 1839 1307 periculis
1877 1226 2135 1286 liberata

221 1322 554 1404 republica,
607 1325 893 1405 qnoniam
947 1323 1063 1385 hoc
1111 1332 1332 1385 terrore
1383 1342 1717 1405 compressa
1765 1322 2133 1401 inhibitaque
2158 1302 2295 1419 Εἶθ’
2316 1304 2409 1421 ⁵¹29

221 1418 522 1481 sociorum
555 1419 758 1481 Latini
799 1420 1051 1482 nominis
1087 1421 1448 1502 conspiratio
1484 1418 1703 1490 fuerat,
1740 1417 1810 1479 L.
1858 1417 2137 1500 Opimius
2157 1443 2212 1484 et
2228 1387 2441 1511 infit-e.

221 1516 590 1597 triumphum
621 1518 814 1600 petiit,
847 1536 958 1579 nec
991 1517 1348 1599 impetravit.
1431 1514 1502 1577 N
1503 1537 1582 1576 on
1615 1516 1763 1598 quin
1794 1536 1891 1575 res
1929 1514 2135 1591 trium·
2158 1500 2439 1617 Pssfflnffiu

223 1613 342 1693 pho
373 1614 576 1694 dignae
607 1613 970 1685 viderentur,
995 1614 1102 1675 sod
1127 1614 1273 1695 quia
1293 1613 1370 1675 de
1395 1613 1649 1694 receptis
1672 1612 1909 1695 populis
1932 1612 2137 1673 trium-
2160 1645 2228 1681 η.
2254 1598 2307 1682 εἰ
2443 1599 2461 1618 ’

225 1708 396 1791 phari
431 1711 628 1773 solere
661 1720 902 1773 senaws
931 1713 1224 1791 negabatz
1269 1712 1623 1791 augentibus
1652 1710 1985 1793 imperium,
2016 1730 2137 1771 non
2158 1694 2435 1810 nfflfflifln·

225 1808 710 1888 recuperantibus
745 1809 982 1881 amissa,
1023 1808 1306 1872 honorem
1342 1810 1518 1869 istum
1557 1808 1889 1890 antiquitus
1926 1806 2131 1868 decre·-
2158 1840 2288 1877 ην.
2308 1829 2393 1877 ⁸1.

225 1910 348 1963 um
377 1902 734 1969 dictitando.
1902 1936 1907 1943 -
1970 1890 1977 1899 '

229 2044 238 2055 .
302 2006 408 2062 25.
453 2000 740 2063 Ceterum
765 2000 872 2063 ille
895 2000 1208 2073 tumultus,
1235 2000 1526 2061 tumultus
1549 2002 1707 2063 enim
1735 2002 1931 2062 verius
1950 2020 2133 2081 quam

225 2098 462 2161 bellum
479 2098 695 2171 fuerat,
723 2118 914 2179 εει-οε
929 2098 1251 2160 multorum
1277 2100 1506 2159 animos
1527 2100 1719 2178 magis
1740 2100 1923 2159 etiam
1942 2099 2133 2180 suspi-

172 2243 177 2247 .
227 2196 502 2264 cionibns
537 2206 602 2257 et
638 2217 786 2257 cura
819 2198 1184 2269 maceravit:
1243 2216 1363 2258 non
1393 2197 1522 2257 sine
1557 2196 1783 2257 invidia
1808 2196 1902 2257 M.
1931 2195 2133 2257 Fulvii
2191 2200 2343 2278 <Ruct-
2368 2202 2435 2250 d·

227 2294 512 2367 consulis,
539 2288 796 2375 Caiiique
838 2293 1128 2365 Gracchi,
1157 2314 1280 2375 quo
1319 2294 1625 2376 praecipuo
1658 2295 1955 2357 incentore
1984 2296 2132 2355 socii
2156 2266 2462 2382 Xffi'ssum'·

230 2392 306 2453 ad
331 2413 430 2455 res
453 2412 640 2453 novas
657 2384 1092 2453 consurrexisse
1117 2392 1490 2453 dicebantur.
1573 2392 1769 2471 Igitur
1796 2412 1987 2473 neque
2005 2400 2135 2453 tum
2191 2396 2321 2449 Plut.
2342 2396 2404 2448 C.

233 2492 416 2571 aquis
441 2490 686 2551 auribus
707 2499 950 2551 senatus
973 2491 1231 2572 aceepit,
1255 2489 1420 2570 quod
1443 2491 1621 2551 urbes
1656 2488 1970 2562 Sardiniae,
1996 2510 2134 2551 cum
2158 2460 2303 2512 ΕΜ·

229 2587 290 2647 in
313 2596 582 2669 praetura
597 2597 662 2649 et
683 2588 968 2649 insalubri
993 2588 1204 2669 hyeme
1230 2588 1464 2649 tunicas
1499 2587 1580 2649 ad
1613 2589 1945 2649 exereitum
1980 2588 2139 2647 mitti

231 2683 300 2745 L.
320 2684 618 2747 Aurelius
627 2686 924 2764 jussisset,
945 2685 1420 2747 detrectaverant
1440 2687 1787 2767 imperium3
1812 2695 1876 2746 et
1894 2686 2136 2757 Romae,

233 2803 334 2864 per
383 2783 655 2863 legatos,-
685 2785 936 2863 gratiam
987 2783 1262 2845 mittendi
1309 2783 1691 2845 obtinuerant
1706 2780 1741 2853 ς’
1795 2782 2011 2845 deinde
2058 2783 2137 2843 Ο.

237 2880 518 2943 Graccho
555 2891 850 2961 quaestore
894 2882 1298 2959 circumeunte
1335 2889 1727 2961 roganteque,
1770 2880 2045 2943 alacriter
2080 2890 2143 2942 et

237 2988 462 3059 promte
495 2980 912 3059 praebuerant:
973 2979 1132 3039 unde
1169 2979 1356 3060 pluris
1383 2978 1548 3061 apud
1575 2978 1799 3039 Sardos
1817 2980 2141 3042 auctorita-

237 3083 351 3135 tem
376 3074 830 3148 adolescentuli,
859 3096 1042 3157 quam
1073 3077 1386 3158 imperium
1420 3076 1705 3148 consulis,
1724 3096 1905 3157 quam
1930 3096 2142 3138 nomen

237 3173 444 3254 populi
471 3172 736 3235 Romani
759 3174 964 3247 fuisse,
989 3175 1422 3235 obn-ectatores
1445 3176 1578 3254 ejus
1601 3172 1955 3235 fremebant.

313 3277 416 3333 26.
438 3268 551 3331 Ab
575 3269 784 3333 eodem
809 3270 1026 3333 deinde
1053 3274 1274 3345 animo,
1291 3292 1430 3358 cum
1450 3280 1771 3354 prorogata
1794 3270 1865 3331 L.
1886 3270 2143 3333 Aurelio

239 3369 546 3449 provincia
567 3368 796 3441 fuisset,
823 3369 1122 3451 legatique
1157 3370 1312 3449 regis
1352 3370 1631 3451 Micipsae
1662 3369 1927 3431 Romam
1948 3370 2144 3430 venis-

237 3474 386 3537 sent,
407 3466 748 3528 nuntiantes
772 3476 790 3503 ⁶
809 3487 1010 3547 regem
1033 3466 1110 3529 C.
1133 3466 1402 3529 Gracchi
1423 3467 1663 3527 honoris
1682 3488 1869 3528 causa
1884 3466 2142 3528 frumen-

238 3571 364 3623 tum
403 3564 468 3623 in
521 3563 862 3625 Sardiniam
913 3566 1254 3647 imperatori
1300 3565 1572 3636 misisse,'
1618 3584 1835 3644 magna
1884 3564 2145 3626 Patrum

241 3670 442 3723 coorta
485 3660 908 3741 indignatione,
961 3662 1184 3742 legatio
1231 3663 1458 3741 rejecta
1495 3670 1627 3723 est.-
1690 3662 1929 3729 Quibus
1968 3662 2145 3723 rebus

240 3758 392 3819 sicut
419 3759 512 3819 ira
543 3768 805 3832 senatus,
845 3760 935 3821 ita
967 3759 1176 3842 populi
1217 3758 1390 3821 favor
1429 3760 1492 3820 in
1531 3759 1876 3821 Gracchum
1916 3760 1979 3819 in
2018 3758 2147 3819 dies

243 3857 586 3935 angebatur.
671 3855 793 3919 cui
825 3867 896 3921 nt
923 3878 990 3919 se
1025 3858 1340 3939 praeberet,
1373 3858 1811 3940 quamprimum
1846 3858 1907 3917 in
1937 3854 2143 3917 urbem

241 3956 452 4015 reverti
488 3953 888 4016 desiderabat.
972 3953 1204 4016 Contra
1245 3954 1642 4015 moliebantur
1682 3954 1945 4015 civitatis
1977 3954 2141 4036 prin-

243 4050 424 4132 cipes,
447 4062 518 4113 ut
533 4071 670 4113 eum
689 4072 872 4133 quam
898 4062 1138 4134 possent
1159 4051 1488 4138 diutissime
1513 4053 1574 4113 in
1599 4054 1863 4113 externis
1886 4052 2140 4113 nationi-

245 4148 351 4209 bus
371 4148 740 4211 detinerent:
781 4148 974 4211 donee
1009 4150 1343 4233 providere,
1369 4170 1504 4233 quae
1533 4151 1594 4211 in
1622 4170 1793 4213 usum
1819 4159 2009 4223 erant,
2033 4158 2143 4210 aut

245 4255 502 4307 avertere
534 4247 617 4333 ab
649 4266 724 4309 eo
753 4246 962 4329 populi
996 4267 1280 4323 amorem,
1311 4248 1777 4320 senescentibus,
1814 4258 1882 4310 nt
1905 4247 1997 4323 fit,
2032 4268 2141 4333 per

247 4342 568 4407 absentiam
602 4342 834 4421 studiis,
862 4346 1206 4429 potuissent.
