3225 5242
864 535 1077 590 meni
1130 537 1266 588 ιιι.
1310 535 1968 590 surranum-run.
2345 519 2524 591 3999

273 679 493 744 decem
532 680 749 761 legatis
784 689 1145 764 praceptum
1163 667 1399 754 tuimet,
1442 691 1461 720 ‘
1492 691 1561 746 ut
1582 701 1721 764 quae
1745 702 1823 743 ex
1849 681 1972 743 illis
1995 680 2194 763 Poly-

272 779 415 840 bius
441 777 875 860 postulavisset,
916 780 1101 858 gratis
1139 778 1595 851 addicerentur:
1628 799 1748 842 uon
1789 779 1970 842 modo
1995 799 2106 862 pro
2129 799 2196 840 se

272 879 441 940 non?
466 876 641 958 petiit
662 875 1005 956 quiequam,
1024 875 1130 938 sed
1148 877 1333 938 etiam
1352 877 1561 938 amicis
1585 887 1794 938 auctor
1813 876 1930 937 fuit
1947 875 2095 937 nihil
2111 895 2194 936 ex

270 971 485 1053 spoliis
508 973 637 1034 istis
659 972 1013 1051 attingendi.
1096 971 1263 1036 Hoec
1300 973 1505 1035 omnia
1543 993 1684 1035 cum
1724 973 1878 1034 intra
1915 982 2193 1034 semestre

270 1077 513 1150 tempus
556 1068 765 1132 decem
804 1067 985 1147 legati
1028 1068 1431 1150 perfecissent,
1474 1069 1537 1131 in
1580 1068 1832 1130 Italiam
1874 1067 2190 1132 redierunt.

270 1163 585 1246 Polybius
617 1185 697 1228 ex
734 1185 941 1226 eorum
976 1163 1261 1228 mandato
1284 1165 1561 1227 civitates
1593 1165 1782 1226 obiit:
1823 1165 2192 1247 respublicas

268 1259 351 1320 ad
376 1261 697 1322 formulam
722 1261 801 1322 ab
826 1262 973 1344 ipsis
1000 1261 1403 1343 praescriptam
1426 1262 1791 1342 composuit:
1835 1261 1972 1323 lites
1993 1271 2186 1324 sustu·

267 1355 379 1418 lit:
424 1355 711 1441 brevique
738 1357 1006 1440 perfecit,
1032 1367 1100 1419 ut
1122 1368 1279 1420 statu
1307 1359 1579 1440 praesenti
1604 1378 1722 1420 non
1747 1359 2192 1440 acquiescerent
2212 1365 2384 1416 Ζοιιιτ.

266 1453 451 1516 modo
484 1454 717 1528 61·εοί,
763 1475 969 1516 verum
1013 1455 1195 1516 etiam
1246 1455 1607 1518 laetarentur.
1695 1453 1878 1516 Unde
1927 1456 2191 1524 vicissim
2213 1463 2383 1530 Polyb.
2491 1466 2502 1478 ⁸

265 1551 547 1614 omnibus
570 1551 739 1614 illum
772 1553 1012 1614 eximiis
1033 1552 1355 1614 honoribus
1378 1573 1484 1633 per
1506 1550 1768 1632 singulas
1793 1552 1969 1613 urbes
1991 1551 2188 1612 colere

264 1651 670 1715 instituerunt.
754 1652 931 1722 Quos
967 1654 1120 1714 iuter
1143 1653 1205 1714 in
1240 1650 1369 1714 foro
1397 1651 1804 1733 Megalopolis
1827 1660 2025 1715 statua
2047 1650 2186 1723 fuit,

262 1767 405 1811 cnm
448 1749 851 1831 inscriptione,
892 1770 1030 1831 quae
1065 1748 1399 1830 Polybium
1424 1747 1700 1831 Lycortae
1723 1745 1912 1810 filium
1949 1745 2186 1810 Roma·
2206 1759 2417 1813 Ριιιωι.

263 1863 479 1906 norum
504 1847 567 1906 in
592 1844 844 1908 Graecos
868 1847 1017 1906 iram
1040 1846 1339 1926 mitigasse
1364 1852 1696 1906 testaretur.
2288 1883 2296 1891 ι

341 1949 451 2004 22.
494 1942 595 2006 At
610 1943 831 2006 Roma
848 1964 955 2027 per
973 1943 1133 2006 idem
1150 1953 1385 2024 tempus
1409 1962 1450 2004 a
1473 1943 1706 2004 duobus
1729 1941 2185 2024 imperatoribus
2207 1957 2320 2008 Ην.
2341 1957 2479 2025 Epic.

260 2037 695 2122 triumphatum
718 2049 829 2102 est.
913 2040 1097 2102 Prior
1120 2041 1207 2108 Q.
1239 2039 1523 2102 Caecilius
1548 2039 1841 2101 Metellus
1861 2038 1940 2100 de
1967 2037 2182 2101 Mace·

260 2133 521 2198 donibus
543 2137 915 2218 Achaeisque
949 2137 1445 2220 speciosissimum
1482 2135 1848 2218 triumphum
1885 2136 1949 2197 iu
1991 2134 2184 2218 Capi·

260 2232 478 2297 talium
526 2232 725 2295 duxit.
808 2232 980 2296 Inter
1028 2232 1248 2295 multos
1294 2233 1565 2314 captivos
1612 2233 1720 2314 qui
1767 2250 2002 2294 currum
2049 2233 2184 2312 ejus
2205 2233 2513 2358 νᾙιῑὸλέιιέ.

260 2339 703 2408 μωοεαωιιιιιι,
730 2331 975 2410 insignis
1014 2330 1277 2392 maxime
1313 2328 1652 2392 Andriscus
1674 2327 1812 2402 fuit,
1838 2330 1946 2410 qui
1977 2347 2042 2390 se
2071 2347 2180 2410 pro
2204 2367 2410 2433 Eutrop.

260 2423 559 2508 Philippo
582 2425 953 2508 aliquamdiu
992 2435 1058 2490 et
1100 2423 1481 2493 Macedoniae
1506 2445 1644 2506 rege
1670 2434 1969 2505 gesserat:
2013 2445 2180 2504 mag-
2203 2431 2408 2486 monn.
2424 2438 2508 2486 14.

260 2541 403 2582 num
442 2523 529 2582 ad
572 2532 883 2604 utrumque
926 2533 1145 2586 sortem
1177 2522 1431 2584 fortunae
1465 2522 1772 2583 mutabilis
1815 2519 2177 2602 exemplum.

210 2673 229 2690 ,
260 2615 501 2680 Tertius
542 2619 639 2681 bic
682 2619 761 2682 de
810 2618 1177 2682 Macedonia
1214 2619 1547 2701 uiumphus
1585 2618 1740 2680 fuit:
1785 2619 1846 2680 in
1881 2639 2000 2701 quo
2029 2619 2180 2678 inter
2202 2613 2452 2726 ffiwm'

258 2723 458 2776 cetera
480 2716 681 2797 spolia
704 2717 1032 2778 transvexit
1062 2725 1342 2788 turmam,
1368 2713 1716 2777 Alexandri
1735 2713 1951 2795 Magni
1987 2715 2175 2796 impe-
2199 2711 2333 2792 Veli.
2357 2759 2396 2792 Ι,
2425 2747 2502 2794 11.

260 2811 345 2870 rio
366 2831 411 2872 a
436 2814 921 2894 praestautissimo
944 2811 1241 2875 artificum
1269 2811 1536 2894 Lysippo
1560 2810 1806 2874 factam.
1889 2810 2176 2893 Quinque
2196 2805 2506 2921 imaum&-

258 2917 321 2971 et
357 2908 577 2988 viginti
618 2929 697 2970 ex
732 2910 1058 2972 amicorum
1094 2907 1194 2970 ιιι
1234 2911 1295 2970 ιιι
1332 2926 1535 2990 pugna
1578 2907 1659 2970 ad
1699 2906 2028 2970 Granicum
2073 2907 2176 2970 iue
2231 2880 2506 2986 p.,„,·⁸⁵·

259 3025 364 3066 rex
400 3007 717 3066 amiserat:
758 3026 965 3068 eorum
998 3015 1301 3088 equestres
1331 3014 1560 3068 statum
1594 3024 1878 3086 expressa
1909 3004 2175 3084 singulo·
2201 3013 2395 3050 xxnv.
2415 3007 2468 3052 8·

258 3121 383 3162 rum
426 3101 817 3164 similitudine
862 3101 993 3164 fieri
1025 3103 1229 3182 jussit,
1274 3122 1563 3182 suamque
1604 3103 1761 3162 inter
1803 3100 1960 3162 illas.
2044 3098 2174 3160 Hae

258 3217 461 3261 omnes
488 3200 549 3259 iu
573 3201 721 3262 urbe
748 3199 1127 3263 Macedoniae
1153 3198 1282 3260 Dio
1306 3197 1521 3260 locatae
1549 3196 1822 3260 fuerunt:
1865 3195 2006 3257 inde
2034 3196 2172 3256 Me·
2289 3187 2294 3194 ’

255 3294 433 3356 tellus
450 3293 717 3357 Romam
740 3295 1063 3381 transtulit.
1123 3293 1379 3358 Metello
1402 3305 1734 3372 cognomen
1761 3313 1840 3354 ex
1865 3292 2177 3374 provincia
2203 3299 2336 3352 vell.

254 3389 561 3452 debellate
590 3391 975 3452 Macedonici
1002 3392 1201 3452 hiesit:
1242 3409 1363 3450 non
1394 3391 1640 3474 quidem
1677 3391 1880 3450 virtuti
1917 3389 2047 3468 ejus
2079 3381 2170 3448 in-'

254 3486 561 3548 debitum:
611 3486 718 3548 sed
762 3486 971 3568 aliqua
1010 3488 1263 3549 mutatio
1297 3506 1527 3548 morum
1564 3486 1786 3548 Romae
1829 3506 1909 3549 ex
1945 3485 2173 3546 talibus

254 3603 493 3666 quoque
536 3583 745 3663 colligi
786 3591 1005 3664 potest,
1040 3603 1179 3644 cum
1220 3585 1309 3652 Q.
1339 3583 1631 3644 Metellus
1652 3597 1982 3662 cognomen
2007 3601 2170 3641 essu·

257 3690 463 3752 meret,
488 3679 652 3762 quod
674 3699 752 3741 ex
780 3677 994 3740 eadem
1020 3678 1388 3740 Macedonia
1412 3699 1605 3760 neque
1635 3677 1710 3740 Τ.
1733 3679 2024 3748 Quintius
2049 3678 2168 3760 pri-

256 3795 437 3850 mum,
465 3797 661 3857 neque
694 3774 911 3837 deinde
953 3773 1027 3837 L.
1054 3775 1355 3847 AEmilius‚
1390 3778 1510 3856 maj
1518 3776 1722 3854 oeibus
1741 3773 2053 3856 aliquanto
2077 3793 2171 3834 re-

255 3871 361 3932 bus
382 3881 449 3934 et
472 3881 687 3933 contra
709 3891 881 3934 veros
898 3892 1065 3950 reges
1088 3872 1289 3952 gestis,
1314 3879 1727 3932 assumserunt.

328 3975 433 4030 23.
498 3966 859 4030 Justioribus
921 3967 1234 4049 aliquanto
1297 3969 1492 4029 causis
1556 3965 1910 4028 AEmilianus
1961 3964 2168 4046 Scipio
2193 3979 2366 4030 zonat.

256 4063 530 4126 Africani
586 4075 1062 4144 cognomentum,
1128 4064 1292 4145 quod
1368 4065 1656 4124 hactenus
1729 4062 2168 4124 hareditarium
2192 4077 2394 4146 Eutmp.

256 4159 563 4234 habuerat,
598 4163 721 4222 suis
762 4161 993 4222 meritis·
1028 4161 1334 4242 ascripsit:
1374 4159 1642 4220 hostibus
1679 4159 1965 4220 extinctis
2003 4178 2164 4219 acer-

257 4256 525 4330 bissinis,
572 4257 781 4322 excisa
816 4258 963 4318 urbe
1012 4256 1249 4330 naula,
1296 4255 1786 4346 amplioeimisque
1825 4254 2168 4336 regionibus

692 4439 725 4487 2
759 4399 965 4486 ⁴Aberat
986 4433 1051 4484 ab
1074 4433 1196 4484 edd.
1219 4439 1341 4486 aute
1363 4435 1517 4486 Cres.
1541 4431 1601 4483 τὸ
1622 4447 1734 4483 non.
