3225 5242
772 537 952 604 4424
1174 573 1182 580 -
1742 555 1811 606 τ.
1860 557 2063 608 nvn.

1101 700 1303 760 nentur
1327 699 1370 760 ii
1397 718 1501 782 per
1526 718 1778 779 quorum
1806 700 2057 762 vulnera
2086 699 2485 784 sudoremque
2508 711 2899 786 comportate
2924 713 3017 766 at-

1103 815 1224 876 que
1246 806 1542 876 congestas
1575 798 1758 857 snut?
1800 797 1903 858 Ex
1939 799 2235 860 manubiis
2274 800 2705 882 triumphorum
2740 810 2848 861 aut
2882 821 3017 882 pro-

1103 893 1434 953 vinciarum
1471 892 1869 974 vectigalibus
1904 894 2025 956 inae
2060 905 2378 958 creverunt
2396 917 2429 992 εἱ
2454 895 2561 958 sed
2600 898 2731 958 haec
2768 898 2899 958 sine
2931 899 3016 958 ci-

1101 989 1266 1059 vium
1295 987 1712 1050 Romanorum
1738 991 2075 1071 legionibus
2098 1013 2291 1074 neque
2326 994 2521 1075 parari
2548 1003 2889 1076 potnerunt,
2916 1015 3016 1056 ne·-

1095 1109 1220 1169 que
1246 1101 1460 1168 parata
1484 1099 1927 1152 conservantur.
2488 1085 2493 1090 ’

1182 1192 1285 1246 18.
1327 1193 1350 1224 ‘
1379 1185 1504 1248 Sed
1531 1207 1727 1268 neque
1751 1187 2077 1249 verendum
2102 1197 2216 1258 est,
2244 1207 2319 1248 ne
2336 1206 2359 1238 ⁴
2394 1188 2585 1269 impar
2628 1186 2795 1250 one'ri
2820 1185 3021 1250 futura

1093 1282 1180 1341 sit
1219 1283 1582 1365 respublica,
1622 1283 1799 1345 modo
1832 1284 2017 1344 simus
2057 1285 2119 1344 in
2160 1283 2297 1344 aliis
2318 1284 2707 1346 decernendis
2728 1286 3021 1346 sumtibus

1093 1378 1542 1442 moderatiores.
1627 1380 1951 1442 Neminem
1992 1382 2353 1442 nominabo:
2424 1381 2529 1442 sed
2564 1381 2701 1442 ideo
2738 1383 3017 1463 cuiquam

1093 1475 1414 1537 obscurum
1441 1497 1568 1538 esse
1593 1479 1833 1559 poterit,
1861 1486 2105 1558 quantae
2129 1499 2375 1538 summae
2402 1479 2619 1559 quibus
2657 1478 3019 1550 bominibus,

1097 1582 1162 1632 et
1185 1595 1338 1655 quos
1361 1576 1421 1634 in
1447 1595 1588 1636 usus
1610 1574 1867 1636 decretae
1894 1577 2291 1656 praestitaeque
2330 1577 2493 1636 sint?
2536 1575 2640 1637 Ibi
2664 1577 2868 1658 potius
2886 1598 3019 1658 par-

1093 1689 1200 1732 cos
1225 1671 1516 1745 homines,
1543 1683 1606 1733 et
1644 1671 1831 1732 futuri
1856 1673 2136 1754 providos
2175 1693 2303 1734 esse
2340 1675 2628 1754 oportuit,
2652 1693 2793 1734 cum
2820 1672 2901 1734 de
2926 1696 3018 1736 or-

1097 1768 1310 1829 nandis
1334 1770 1646 1830 ambitiose
1674 1769 2019 1850 provinciiS,
2048 1771 2239 1849 magis
2262 1770 2323 1830 in
2350 1769 2713 1850 singulorum
2736 1771 3014 1848 gratiam,

1093 1885 1282 1946 quam
1309 1866 1498 1926 ullum
1522 1867 1869 1947 reipublicae
1894 1867 2293 1939 commodum,
2320 1877 2611 1948 ageretur.
2695 1867 3017 1929 Nunc-ubi

1097 1965 1434 2024 necessaria
1457 1971 1550 2024 to't
1574 1964 1837 2026 millibus
1862 1966 2083 2027 civium
2111 1965 2399 2026 alimenta
2424 1974 2729 2048 petuntur,
2756 1965 3017 2046 profusio

1097 2061 1157 2121 in
1184 2060 1387 2133 laude,
1415 2063 1783 2144 parsimonia
1806 2083 1991 2146 prope
2015 2062 2237 2125 crimen
2264 2072 2374 2124 est.

1178 2167 1281 2222 19.
1325 2169 1343 2196 ⁶
1374 2159 1516 2222 Nec
1542 2169 1743 2222 tamen
1779 2182 1894 2242 ego
1920 2169 2139 2222 temere
2164 2161 2368 2222 omnia
2392 2159 2695 2240 eroganda
2718 2177 3019 2220 censeam.

1099 2256 1224 2321 Sed
1263 2279 1460 2338 neque
1491 2279 1643 2340 opus
1677 2268 1801 2320 est:
1846 2269 1909 2320 et
1953 2259 2189 2338 agraria
2224 2257 2329 2318 lex
2366 2267 2604 2318 servata
2640 2257 3017 2318 tolerabilem

1092 2355 1320 2416 efficiet
1342 2354 1826 2434 frumentariam:
1875 2355 2027 2418 adeo
2062 2356 2306 2439 decepti
2340 2355 2725 2438 decepturive
2756 2353 3015 2427 suerunt,

1095 2454 1202 2533 qui
1237 2451 1466 2535 duplici
1508 2451 1824 2532 largitione
1865 2453 2228 2536 pessumdari
2266 2453 2556 2534 per-dique
2581 2451 3015 2534 rempublicam

1093 2547 1510 2610 clamitabant.
1591 2549 1822 2611 Contra
1864 2560 1977 2623 est,
2021 2559 2087 2611 et
2128 2549 2562 2610 alterutraflex
2608 2568 2711 2630 per
2754 2569 2821 2608 se
2868 2558 3017 2610 esset

1099 2644 1299 2725 longe,
1331 2666 1514 2726 quam
1555 2646 1734 2706 simul
1760 2655 2036 2727 utraque,
2065 2647 2321 2726 gravior.
2404 2644 2473 2706 Si
2500 2645 2659 2707 enim
2698 2665 2877 2724 agros
2900 2665 3013 2706 non

1095 2741 1328 2816 damus,
1357 2744 1497 2804 huic
1519 2743 1935 2805 innumerabili
1961 2744 2150 2806 turbae
2175 2765 2313 2826 quae
2338 2764 2581 2806 annona
2605 2743 2906 2805 sufficiet?
2946 2745 3014 2805 Si

1095 2841 1307 2902 damus
1331 2861 1524 2922 agros,
1553 2861 1748 2923 neque
1772 2841 1904 2906 dari
1928 2844 2203 2904 omnibus
2230 2849 2526 2924 poterunt,
2567 2849 2634 2902 et
2654 2861 2793 2923 quae
2836 2841 3010 2904 relin-

1093 2949 1350 3021 quentur
1393 2939 1589 3001 multa
1632 2940 1846 3013 millia,
1888 2961 2009 3022 quo
2048 2941 2171 3002 alio
2218 2939 2513 3002 beneficio
2552 2939 3011 3014 consolabimur,

1094 3047 1202 3098 aut
1228 3059 1267 3098 a
1290 3036 1449 3098 fame
1473 3032 1903 3100 defendemus?
1944 3038 2125 3101 Nihil
2142 3059 2282 3119 ergo
2306 3038 2540 3110 melius,
2560 3059 2742 3118 quam
2763 3039 2825 3098 in
2846 3059 3013 3118 agros

1083 3133 1313 3198 deduci
1355 3145 1657 3218 quotquot
1700 3145 1998 3218 poterunt.
2082 3136 2191 3200 Sic
2228 3145 2293 3197 et
2330 3135 2421 3196 illi
2463 3156 2583 3218 quo
2622 3157 2688 3196 se
2732 3145 3010 3197 tueantur

1093 3232 1437 3310 habebunt3
1499 3243 1564 3295 et
1597 3235 1668 3294 in·
1700 3235 1847 3296 urbe
1884 3237 2261 3296 manentibus
2298 3235 2455 3296 citra
2492 3242 2717 3294 metum
2754 3233 3009 3316 publice

1095 3331 1466 3410 paupertatis
1491 3331 1774 3392 alimenta
1798 3332 2272 3415 proestabuntuff

1175 3431 1277 3486 20.
1321 3425 1696 3506 Hujusmodi
1720 3431 1944 3490 crebris
1967 3429 2333 3491 orationibus
2354 3448 2495 3490 cum
2518 3426 2663 3488 satis
2680 3423 3009 3507 profectum

763 3520 877 3573 Liv.
903 3521 1038 3588 Epit.
1093 3520 1500 3596 arbitraretur,
1528 3526 1790 3604 agrarias
1812 3524 2343 3606 frumentariasque
2376 3524 2560 3604 leges,
2598 3523 2811 3604 quales
2834 3531 3010 3583 antea

764 3617 1070 3674 Floramlv.
1095 3615 1410 3680 Gracchus
1443 3621 1506 3681 in
1551 3621 1853 3682 tribunatu
1895 3621 2142 3695 tulerat,
2184 3621 2337 3683 ferre
2373 3622 2673 3700 instituit,
2732 3619 2899 3680 Mira
2922 3619 3009 3678 vis

1093 3715 1398 3778 bominum
1443 3717 1523 3778 ad
1564 3717 1727 3778 diem
1780 3719 2337 3802 promulgandarum
2392 3719 2718 3782 occurrisse
2767 3716 3005 3789 dicitur,

1093 3811 1272 3894 plebe
1325 3815 1621 3896 sociisque
1676 3815 2011 3877 incredibili
2054 3816 2251 3878 studio
2302 3817 2685 3878 certantibus.
2768 3813 3007 3875 Idcirco

763 3899 987 3966 Appisn.
1092 3919 1302 3970 contra
1324 3912 1695 3974 voluntatem
1718 3913 2095 3995 optimatium
2131 3933 2236 3995 per
2255 3915 2395 3982 ,vim
2431 3912 2571 3974 latoe
2611 3912 2801 3992 leges:
2842 3910 3005 3972 colo·

1093 4006 1330 4087 niaeque
1355 4029 1460 4090 per
1481 4007 1731 4070 Italiam
1749 4018 1812 4069 et
1831 4010 2124 4083 Siciliam,
2150 4011 2311 4092 quod
2334 4009 2477 4072 olim
2496 4009 2723 4071 ferente
2739 4006 3007 4090 Apuleio

799 4115 928 4167 Plin.
1084 4103 1342 4182 jussum,
1398 4105 1613 4167 deinde
1676 4107 2067 4173 intermissum
2126 4107 2345 4180 fuerat,
2396 4107 2689 4170 deducte.
2773 4105 3005 4166 Postea

766 4196 966 4232 '‘¹¹¹¹“
989 4187 1037 4234 ³·
1097 4201 1349 4275 Drusus»,
1387 4223 1461 4264 ne
1505 4205 1796 4264 sumtibus
1830 4207 2243 4267 succumberet
2280 4207 2577 4277 oerarium,
2624 4205 2685 4265 in
2718 4201 3005 4265 cudendis

1576 4427 1607 4472 4
1650 4423 1719 4473 Ut
1745 4437 1841 4488 pro
1852 4425 1921 4476 'ne
1946 4411 2223 4491 legebatur
2244 4432 2365 4478 ante
2388 4425 2547 4477 θεον.
