3225 5242
788 525 999 576 msm
1050 525 1205 576 mv.
1247 488 1906 579 summanum-uu.
2266 511 2460 580 {4043

212 679 231 706 ‘
254 669 605 730 transmisso
646 668 750 748 qni
794 677 995 728 castra
1038 665 1481 749 praeteffluebat
1528 681 1726 741 amne,
1777 667 1856 730 ad
1908 677 2138 732 montes

212 766 507 830 Viriatho
534 767 786 826 insessos
808 785 947 828 cum
972 765 1119 826 solis
1142 767 1499 845 agasonibus
1536 766 1830 844 lignatum
1873 764 2138 847 proficis-

211 863 542 924 cerentur)
644 863 803 924 Cum
856 883 947 922 res
966 861 1455 938 ,manifestissimi
1514 860 1766 942 periculi
1817 860 2140 934 videretur,

215 960 405 1039 legati
450 959 795 1040 tribunique
824 957 1171 1068 Coepionem
1206 978 1474 1029 oravere,
1519 966 1537 992 ‘
1563 967 1633 1018 ut
1671 977 1745 1018 ne
1773 966 2004 1020 tantum
2027 978 2141 1020 nu·
2219 983 2238 996 ‘

218 1073 451 1118 merum
476 1055 1015 1116 honestissimorum
1040 1055 1263 1116 civium
1290 1055 1351 1114 in
1379 1055 1704 1136 perniciem
1744 1064 1969 1116 certam
2007 1058 2143 1117 mit-

218 1152 418 1214 teret?
504 1149 675 1212 Inter
698 1151 829 1226 haec
854 1151 1109 1232 equites,
1134 1151 1241 1231 qui
1281 1151 1584 1232 paulisper
1625 1171 1962 1233 responsum
1999 1172 2144 1215 con-

216 1248 371 1308 sulis
414 1254 909 1328 expectaverant,
956 1255 1271 1328 postquam
1323 1248 1700 1309 obstinatum·
1735 1247 2038 1322 audivere,
2085 1249 2148 1310 ni

220 1345 337 1426 ipsi
382 1353 699 1422 rogarent·
744 1351 995 1404 mortem
1024 1343 1213 1404 levius
1235 1344 1595 1425 supplicium
1633 1345 1772 1416 rati,
1799 1353 1870 1404 ut
1893 1345 2149 1426 impera-

222 1448 349 1500 tum
376 1438 601 1510 fuerat,
630 1438 711 1500 ad
736 1448 965 1500 montes
996 1438 1447 1500 contenderunt.
1532 1438 1660 1500 Ivit
1695 1460 1818 1501 una
1855 1443 2151 1504 sociorum

226 1536 560 1622 equitatus,
586 1535 813 1616 aliique
839 1534 1184 1606 voluntarii,
1208 1533 1648 1601 clamitantes‘
1668 1536 1974 1616 indignum
2001 1559 2148 1611 eme,

227 1633 275 1692 si
300 1640 401 1692 tot
426 1631 733 1692 fortissimi
759 1631 875 1692 viri
900 1640 1073 1693 tanto
1096 1633 1157 1691 in
1186 1631 1526 1694 discrimine
1546 1631 1962 1696 destituantur.
1967 1635 1985 1662 ’
2051 1634 2154 1696 Ita

227 1727 493 1789 validior
516 1727 739 1788 effecta
758 1745 995 1799 manus,
1020 1747 1205 1808 quam
1228 1738 1337 1788 aut
1360 1727 1650 1790 lacessere
1676 1730 1925 1790 auderet
1947 1733 2154 1810 hostis,

230 1833 339 1884 aut
361 1825 639 1886 obterere
667 1823 851 1884 facile
878 1834 1111 1906 posset:
1154 1825 1413 1905 caesique
1440 1825 1732 1904 lignorum
1770 1826 1964 1888 fasces
2003 1827 2153 1892 refe-

232 1921 543 1982 rebantur.

311 2023 417 2076 21.
464 2015 639 2078 Inter
666 2015 1054 2088 redeundum,
1079 2036 1219 2076 cum
1243 2014 1507 2080 furentes
1530 2021 1620 2080 ira
1645 2019 1912 2102 plerique
1939 2038 2152 2082 consu-

234 2113 309 2174 lis
348 2115 629 2196 iniquum
670 2114 981 2196 imperium
1025 2115 1315 2176 conviciis
1350 2124 1415 2174 et
1454 2116 1714 2196 querelis
1753 2117 2154 2188 traducerent,

236 2221 453 2274 exorta
476 2232 602 2274 vox
638 2232 679 2272 a
710 2213 942 2294 paucis,
970 2212 1175 2272 statim
1198 2220 1459 2294 excepta
1482 2213 1856 2294 probataque
1880 2222 1973 2273 est
1991 2233 2156 2276 com-

236 2311 521 2388 muniter,
566 2317 585 2344 ⁴
608 2309 851 2389 dignum
897 2327 1025 2368 esse
1080 2307 1259 2388 lignis
1305 2299 1391 2370 sic'
1444 2309 1648 2390 petitis
1698 2311 1814 2383 uri,
1856 2312 1962 2391 qui
2008 2309 2160 2371 talia

238 2406 633 2489 imperasset?
718 2405 913 2486 Igitur
955 2405 1223 2487 protinus
1262 2404 1341 2464 ad
1378 2407 1696 2468 tentorium
1720 2407 1979 2469 consulis
2003 2409 2156 2468 itur:

240 2515 430 2565 strues
470 2503 771 2582 lignorum
809 2523 949 2564 cum
986 2500 1250 2562 tumultu
1290 2511 1356 2562 et
1394 2504 1569 2562 minis
1592 2505 2158 2586 circumponuntur:

238 2610 303 2661 et
336 2601 455 2662 nisi
492 2599 841 2662 ardentibus
864 2599 1145 2661 vindictae
1184 2599 1518 2680 cupiditate
1562 2601 1776 2661 animis
1797 2602 1980 2663 velox
2019 2599 2166 2682 fuga

242 2709 517 2781 tntaque
550 2697 800 2760 latebrae
832 2697 1191 2759 destinatam
1215 2699 1521 2759 victimam
1558 2699 1932 2780 eripuissent,
1970 2720 2011 2760 a
2045 2701 2166 2761 suis

246 2797 564 2867 militibus,
606 2795 729 2856 suis
772 2795 835 2855 in
874 2793 1107 2867 castris,
1150 2794 1465 2856 Romanus
1514 2797 1857 2878 imperator,
1897 2796 2166 2859 inaudito

248 2895 615 2976 temporibus
638 2893 913 2954 omnibus
933 2890 1237 2972 exemplo,
1262 2889 1469 2952 fuisset
1492 2904 1919 2954 concrematus.

327 2997 433 3051 22.
479 2989 559 3051 Id
600 2987 952 3071 periculum,
998 2997 1065 3048 et
1100 2989 1263 3069 quod
1301 2989 1613 3051 Viriathus
1655 2989 1831 3051 aliter
1861 2993 2018 3052 vinci
2053 3013 2166 3054 non
2227 3009 2306 3060 Au
2309 3018 2376 3060 c.t
2397 3011 2460 3060 do
2523 3053 2529 3060 ,

252 3107 419 3173 posse
472 3087 816 3158 videbatur,
870 3087 1131 3146 animum
1191 3087 1426 3167 aperuit
1484 3087 1734 3166 ignobili
1779 3089 2050 3161 consilio,
2102 3097 2172 3150 ut
2192 3073 2326 3124 viri·
2357 3076 2428 3125 1¹‘

254 3185 547 3265 quosdam
571 3183 895 3244 amicorum
911 3180 1179 3243 Viriathi
1206 3185 1461 3264 pecunia
1478 3193 1543 3243 et
1566 3203 1672 3264 spe
1699 3186 2071 3266 impunitatis
2089 3186 2170 3248 ad
2194 3142 2376 3255 Plotrru
2383 3208 2496 3255 ‚1⁷-

254 3281 489 3344 ducem·
520 3301 627 3362 per
666 3279 911 3340 insidias
958 3275 1293 3340 tollenduin
1334 3291 1756 3362 corrumperet.
1851 3283 2169 3346 Audacem
2196 3269 2345 3385 ΧἹῙΞ·
2361 3270 2498 3319 ³¹⁸⁸·

256 3379 557 3461 quendam
580 3386 645 3439 et
676 3375 1086 3448 Ditalconem,
1121 3397 1376 3458 cumque
1416 3378 1509 3438 his
1539 3379 1848 3446 Minurum
1883 3383 2170 3443 missitare
2195 3401 2326 3464 Appi
2327 3415 2406 3450 m.

259 3477 335 3537 ad
378 3474 689 3537 consulem
730 3472 1045 3534 Viriathus
1084 3474 1343 3547 solebat,
1392 3475 1469 3536 de
1526 3477 1966 3540 conditionibus
2008 3481 2175 3561 pacis

260 3583 533 3636 acturos:
577 3573 621 3632 ii
646 3573 763 3632 hoc
802 3571 981 3642 modo
1003 3570 1365 3632 destinatum
1391 3572 1587 3633 scelus
1609 3575 1927 3655 perfecere.
2014 3576 2172 3638 Par-

262 3672 529 3734 cisimus
576 3669 767 3730 somni
806 3667 1143 3742 Viriathus,
1200 3657 1505 3736 laboribus
1550 3680 1659 3731 aut
1703 3673 1860 3732 curis
1897 3675 2174 3736 diurnum

262 3771 485 3853 pariter
525 3775 995 3846 nocturnumque
1037 3776 1271 3848 tempus
1314 3766 1692 3827 extrahebat.
1778 3768 2174 3852 Plerumque,

268 3869 367 3928 nbi
416 3884 699 3946 soporem
738 3865 1079 3924 extorsisset
1122 3862 1433 3934 lassitudo,
1474 3864 1742 3952 cubabat
1785 3877 2067 3943 armatus,
2109 3879 2180 3930 ut

263 3963 434 4024 simul
482 3961 845 4041 evigilasset,
891 3960 1135 4040 agendis
1172 3981 1307 4042 quae
1356 3982 1419 4021 se
1472 3961 1749 4023 offerrent
1799 3965 1971 4024 rebus
2009 3965 2181 4026 nulla

267 4082 431 4122 mora
456 4060 813 4142 injiceretur.
899 4056 1077 4118 Nihil
1104 4059 1281 4138 igitur
1306 4061 1574 4132 vetabat,
1599 4061 1742 4142 quin
1770 4063 1974 4123 amicis
1997 4065 2180 4126 etiam

268 4159 343 4218 ad
385 4159 788 4238 quiescentem
832 4154 1028 4216 aditus
1071 4164 1243 4218 esset.
1328 4153 1477 4216 Hac
1516 4159 1826 4219 occasione
1859 4161 2185 4242 proditores

270 4256 383 4328 nsi,
406 4275 543 4315 cum
582 4274 688 4336 per
721 4273 963 4313 causam
1003 4253 1184 4312 subiti
1224 4253 1447 4331 negotii
1487 4256 1802 4316 tentorium
1837 4257 1967 4335 ejus
2001 4259 2180 4320 intra-

272 4353 508 4424 vissent,
546 4349 943 4410 dormientem
988 4350 1046 4409 in
1090 4349 1286 4422 armis,
1319 4349 1557 4430 jugulo,
1599 4352 1760 4434 quod
1789 4353 1980 4416 solum
2015 4367 2180 4437 pate-
