3225 5242
758 617 973 669 mnu
1022 616 1243 669 mtvl.
1286 614 1938 668 SUPPIaBHBN'l'Usso

238 762 395 824 Eam
420 782 795 845 corrumpere
820 782 937 825 non
965 761 1247 825 ausurum
1264 782 1339 824 eo
1366 757 1603 825 bomine
1633 761 1938 834 violando,
1963 778 2144 841 quem

234 860 453 923 deduci
478 880 519 923 a
542 860 670 923 filio
708 860 939 923 Bocchi
968 860 1240 922 videret?
1322 858 1499 943 Sylla
1534 862 1806 943 probato,
1841 867 1908 920 ut
1938 861 1998 919 in
2033 858 2146 919 tali

233 968 523 1040 tempore,
549 957 826 1031 consilio,
852 959 1013 1040 prius
1046 978 1081 1019 e
1112 960 1386 1021 manibus
1408 958 1726 1039 -Jugurthoe
1763 957 2001 1041 elapsus
2031 964 2145 1029 est,

236 1078 419 1139 quam
445 1058 551 1119 ille
586 1065 870 1131 statuere,
910 1056 1055 1139 quid
1090 1067 1244 1119 esset
1278 1057 1594 1138 agendum,
1632 1058 1692 1117 in
1729 1078 1794 1117 re
1829 1055 2148 1140 improvisa

237 1157 546 1238 potuisset.

2292 595 2470 663 4313

319 1262 423 1317 45.
470 1253 665 1335 Cujus
709 1254 971 1316 adventu
1022 1254 1284 1333 cognito,
1338 1272 1444 1315 rex
1508 1250 1790 1313 Bocchus
1841 1252 2148 1315 Dabarem

238 1353 655 1434 Massagradae
690 1352 907 1425 filium,
948 1350 1299 1413 benevolum
1349 1350 1652 1431 fidumque
1705 1350 2023 1426 Romanis,
2070 1352 2150 1413 ad

238 1450 479 1533 Syllam
526 1453 733 1524 mittit3
782 1460 801 1489 ⁴
826 1460 893 1512 ut
931 1452 1237 1532 colloquio
1278 1450 1441 1511 diem
1481 1450 1796 1532 locumque
1839 1448 2153 1511 Romanus

232 1558 503 1611 statuat:
546 1570 739 1632 neque
763 1549 804 1610 J
810 1551 1080 1630 ugurthae
1101 1549 1365 1629 legatum
1382 1550 1630 1609 timeat:
1658 1549 1744 1607 ita
1767 1549 2006 1629 provisa
2023 1567 2150 1607 om-

234 1648 366 1719 nia,
392 1655 459 1707 ut
481 1646 641 1707 illius
666 1648 980 1729 praesentia
1002 1648 1193 1727 magis
1216 1647 1347 1707 usui
1363 1666 1545 1726 quam
1565 1644 1987 1726 impedimento
2008 1663 2151 1706 con-

234 1745 393 1807 siliis
415 1746 825 1807 communibus
848 1745 1051 1807 futura
1074 1744 1191 1805 sit?
1274 1744 1438 1806 Haec
1462 1741 1744 1803 simulata
1766 1750 1895 1804 tum
1919 1751 2148 1824 tempo-
2174 1753 2307 1807 Plut.

234 1845 323 1905 ris
349 1864 388 1904 a
415 1843 685 1918 Boccho,
730 1864 912 1926 quam
937 1843 1181 1905 decreta
1204 1840 1382 1903 fuisse
1411 1849 1662 1923 putant:
1703 1860 1840 1901 cum
1867 1840 2152 1921 proditio·
2175 1854 2298 1906 8⁸11.

186 1944 197 1953 ‘
234 1942 337 2003 nia
360 1950 579 2015 certus,
607 1942 669 2003 id
704 1950 959 2016 tantum,
999 1950 1197 2003 utrum
1235 1940 1533 2022 proderet,
1575 1958 1786 2020 parum
1821 1938 2154 2020 expediret.

236 2040 483 2122 Syllam
506 2040 821 2123 Jugurtbae
844 2040 1001 2103 tradi
1028 2038 1321 2101 suadebat
1345 2038 1618 2100 animus:
1649 2046 1714 2099 at
1739 2046 1945 2098 contra
1963 2044 2159 2099 metus

237 2141 598 2221 imperabat.
680 2138 953 2201 Tandem
992 2139 1055 2199 in
1100 2135 1327 2219 perfido
1368 2145 1433 2199 et
1470 2134 1579 2197 vili
1633 2134 1870 2215 ingenio
1905 2134 2158 2209 affectus

237 2258 453 2299 omnes
476 2239 653 2299 timor
680 2238 847 2299 vicit.

328 2342 434 2397 46.
464 2334 661 2417 Sylla,
676 2334 853 2397 sicuti
872 2353 1011 2394 cum
1028 2332 1275 2394 Dabare
1285 2340 1720 2414 composuerat,
1743 2330 1822 2393 ad
1846 2330 2158 2393 Bocchum

238 2432 588 2515 perductus,
620 2433 846 2515 palam,
886 2439 1173 2513 praesente
1215 2432 1397 2491 etiam
1441 2430 1683 2513 Aspare
1727 2428 2024 2502 Numida,
2052 2440 2070 2467 ‘
2094 2450 2158 2491 se

240 2532 493 2592 missum
520 2552 561 2593 a
584 2530 829 2592 consule
849 2530 865 2557 '
890 2529 1062 2602 dicit,
1081 2539 1100 2567 ‘
1124 2528 1460 2611 quaesitum,
1480 2529 1784 2591 bellumne
1811 2548 1918 2591 rex
1945 2550 2022 2589 an
2051 2549 2158 2610 pa·-

240 2648 383 2689 cem
408 2648 547 2690 cum
594 2626 891 2689 Romanis
928 2629 1149 2689 babere
1189 2627 1438 2689 mallet!
1522 2626 1644 2688 Ille
1689 2634 1708 2661 ⁸
1729 2627 1880 2688 nihil
1915 2648 1978 2688 se
2016 2626 2161 2689 dum

240 2726 657 2789 constituisse’
697 2725 1025 2808 respondit,
1047 2727 1344 2809 jubetque
1384 2734 1525 2807 post
1557 2726 1719 2787 diem
1745 2724 2041 2787 decimum
2065 2748 2159 2787 re-

242 2824 425 2885 verti.
508 2822 613 2885 Sic
638 2824 701 2883 in
725 2844 833 2885 sua
858 2826 1110 2905 quisque
1134 2832 1337 2885 castra
1360 2823 1789 2904 digrediuntur.
1859 2823 1982 2886 Sed
2007 2824 2162 2885 mul-

240 2928 315 2981 ta
350 2922 485 3001 jam
532 2931 725 2983 nocte·
748 2920 927 3003 Sylla
966 2942 1005 2983 a
1048 2922 1298 2984 Boccho
1337 2922 1573 2984 occulte
1623 2922 1956 2983 arcessitur.
2024 2921 2161 2985 Ne·-

240 3018 432 3089 mine,
462 3027 867 3099 ‚proeterquam
906 3018 1047 3080 fidis
1086 3020 1525 3101 interpretibus,
1559 3028 1624 3080 et
1668 3020 2033 3081 internuntio
2070 3028 2162 3081 ω-

238 3116 369 3175 tius
412 3117 635 3197 negotii
682 3115 929 3177 Dabare
972 3117 1267 3189 adhibito,
1306 3138 1415 3177 rex
1444 3116 1634 3198 Syllae
1674 3118 1894 3197 gratias
1916 3118 2168 3179 comiter

236 3214 479 3291 agitob
502 3234 601 3285 ea,
628 3234 766 3295 quae
795 3216 857 3275 in
883 3222 1143 3277 oratores
1167 3236 1305 3276 suos
1331 3216 1581 3296 benigne
1608 3214 2166 3299 liberaliterquenfe-

240 3310 449 3386 cisset,
476 3312 761 3394 quodque
796 3332 901 3375 eos
934 3311 1096 3395 apud
1132 3314 1544 3394 imperatorem
1576 3322 1640 3373 et
1669 3322 1940 3374 senatum
1977 3314 2170 3394 gratia

241 3408 621 3490 consilioque
651 3411 927 3491 juvisset.
1013 3419 1033 3448 ‘
1058 3410 1245 3479 Quod
1288 3411 1367 3473 ad
1407 3410 1640 3492 reliqua
1681 3412 1981 3487 attineret,
2024 3410 2167 3473 Nu-

240 3506 451 3567 midiae
496 3516 667 3591 parte
708 3528 891 3591 quam
937 3529 978 3570 a
1020 3508 1319 3589 Jugurtha
1356 3510 1620 3596 'cepisset
1662 3508 1926 3583 dimissa,
1973 3530 2168 3591 neque

246 3602 616 3667 Mulucham
666 3605 911 3679 flumen,
964 3607 1277 3687 antiquum
1322 3608 1630 3688 utriusque
1675 3610 1842 3688 regni
1893 3607 2168 3681 limitem,
2215 3639 2224 3647 ·

246 3720 650 3781 egressurum,
693 3708 885 3786 neque
917 3703 960 3766 J
964 3704 1280 3785 ugurtbam
1322 3706 1537 3766 intrare
1580 3725 1890 3787 passurum
1895 3705 1938 3779 ,’
1989 3706 2166 3789 polli-

242 3808 439 3860 cetur.

329 3902 434 3961 47.
478 3897 590 3960 Ad
618 3920 693 3959 ea
734 3898 913 3981 Sylla
939 3898 1014 3960 de
1040 3920 1103 3960 se
1132 3898 1391 3960 breviter
1417 3920 1489 3961 ac
1518 3899 1808 3971 modeste,
1847 3899 1925 3961 de
1951 3900 2166 3980 repub-

246 3993 373 4057 lica
418 3995 627 4057 multis
662 3995 979 4058 disseruit:
1024 4007 1179 4059 ‘'non
1213 3997 1335 4058 alia
1372 3996 1701 4058 concedere
1735 4018 1955 4077 regem,
1986 4016 2168 4078 quam

248 4092 352 4153 vel
380 4094 569 4157 invito
594 4115 669 4157 eo
708 4096 971 4177 populus
1001 4094 1318 4157 Romanus
1352 4097 1531 4155 armis
1564 4096 1882 4157 obtineret.
1965 4094 2089 4155 Sed
2118 4095 2170 4155 si

248 4189 398 4269 quid
428 4192 631 4273 populi
656 4194 851 4273 magis
877 4192 1166 4265 Romani,
1188 4212 1369 4275 quam
1386 4214 1495 4254 sua
1518 4214 1702 4255 eausa
1723 4193 1933 4254 fecisse
1955 4192 2168 4266 videri,

252 4306 651 4371 magnamque
686 4292 765 4351 ab
801 4312 875 4351 eo
912 4290 1059 4351 inire
1100 4292 1353 4371 gratiam
1387 4290 1556 4364 velit,
1584 4293 1646 4352 in
1671 4312 1848 4351 manu
1875 4310 1948 4353 ac
1973 4298 2170 4373 potes-

250 4390 377 4444 tate
404 4386 541 4465 ejus
563 4386 921 4467 Jugurtham
938 4408 1073 4449 esse
1098 4406 1113 4449 ε
1157 4387 1272 4450 hoc
1307 4388 1553 4461 traditu,
1580 4387 1865 4469 quicquid
1889 4386 2173 4447 voluisset

253 4481 749 4562 impetraturum!
805 4484 1061 4547 Maurus
1086 4486 1165 4549 ad
1185 4486 1315 4547 baec
1344 4484 1712 4558 affinitatem,
1736 4487 2170 4567 cognationem,

382 4594 569 4661 Delph.
588 4604 637 4649 et
658 4598 773 4653 Ver.
799 4601 933 4651 Clu.
1260 4600 1453 4653 Livias.

2216 4597 2365 4653 ΗΥ
