3225 5242
650 431 828 498 4352

1642 449 1713 496 ‘l'-
1760 447 1951 496 mvn

977 589 1293 672 disciplina
1330 593 1549 671 perito·
1590 591 1811 672 pietate
1850 600 2047 651 tamen
2092 589 2135 648 ii
2170 589 2435 660 vincunt,
2460 589 2565 669 qui
2594 589 2885 648 rationem

976 709 1154 750 unam
1193 689 1430 760 ducem,
1474 691 1627 750 inter
1666 689 1883 758 multas
1914 688 2391 770 superstitionum
2424 687 2697 768 ineptias,
2724 706 2883 746 erro-

975 809 1222 868 rumque
1265 787 1719 868 inexplicabiles
1758 789 2019 848 humana
2052 784 2339 845 industria
2378 783 2745 864 labyrinthos
2776 783 2885 842 ha-

875 878 882 884 ’
974 885 1246 945 buerunt.
1330 883 1526 964 Igitur
1567 893 1586 922 ‘
1609 884 1775 947 Deos
1800 882 2041 964 quidem
2068 881 2425 942 immortales
2456 901 2624 962 posse
2649 881 2887 940 omnia’

653 2424 850 2460 xxxxxx

655 2914 804 2966 Diod.

657 3687 788 3762 ignor.

647 4131 663 4138 -
695 4087 795 4135 Dio
816 4101 898 4153 ap.

662 4152 832 4204 vales.

975 981 1036 1041 in
1061 1003 1138 1042 ea
1161 982 1425 1042 oratione
1448 981 1737 1042 Metellus
1762 981 1955 1050 dixit3
1990 989 2008 1016 ‘
2028 980 2131 1040 sed
2157 980 2491 1039 hominibus
2512 977 2736 1037 nullam
2758 997 2887 1038 ease

973 1063 1232 1138 causam·
1257 1077 1564 1160 opinandi,
1601 1077 2065 1158 indulgentiores
2106 1076 2220 1136 sibi
2263 1075 2412 1148 fore,
2453 1095 2633 1156 quam
2665 1075 2785 1135 sint
2824 1076 2887 1134 in

975 1175 1194 1238 liberos
1231 1176 1374 1236 boni
1413 1176 1823 1257 sapientesque
1850 1175 2091 1255 patres!

1055 1279 1156 1332 40.
1199 1271 1480 1334 Ceterum
1523 1292 1689 1334 amor
1723 1271 2056 1343 coelibatus,
2100 1269 2235 1330 aliis
2278 1269 2529 1350 aliisque
2570 1269 2765 1330 causis
2804 1267 2887 1330 ad

975 1367 1153 1430 finem
1179 1371 1345 1430 urbis
1369 1369 1704 1440 duraturus,
1736 1371 1871 1449 jam
1918 1378 2044 1428 tum
2086 1366 2455 1428 inoleverat:
2496 1365 2641 1426 dum
2672 1366 2890 1447 puellis

975 1475 1082 1527 aut
1121 1468 1302 1529 etiam
1345 1468 1606 1528 maribus
1647 1465 1974 1536 illudendo,
2020 1472 2299 1545 corrupta
2346 1466 2655 1543 juventus,
2696 1465 2889 1526 vitato

977 1563 1332 1624 matrimonii
1358 1583 1557 1634 onere,
1595 1563 1907 1623 libidinem
1932 1560 2179 1623 solutius
2203 1569 2460 1620 exercet.
2546 1560 2665 1620 cni
2688 1569 2887 1620 tamen

975 1653 1204 1734 flagitio
1227 1657 1340 1716 sub
1365 1676 1440 1715 ea
1471 1665 1739 1736 tempora
1776 1654 1937 1715 haud
1978 1674 2112 1715 raro
2153 1653 2393 1714 obviam
2434 1654 2617 1712 itum:
2648 1653 2889 1733 judicio

941 1783 957 1802 ο
977 1771 1213 1832 quoque
1251 1752 1645 1824 memorabili,
1689 1751 1851 1831 quod
1905 1749 1983 1811 C.
2038 1749 2395 1810 Cosconium
2458 1749 2714 1810 Servilia
2754 1751 2887 1830 lege

977 1867 1164 1919 reum,
1190 1848 1508 1930 multisque
1533 1857 1596 1910 et
1620 1850 1797 1910 certis
1820 1849 2167 1909 criminibus
2203 1856 2539 1918 nocentem,
2580 1848 2641 1906 in
2682 1846 2887 1908 odium

977 1947 1336 2006 accusatoris
1353 1945 1590 2006 Valerii
1620 1946 1931 2006 Valentini
1960 1945 2201 2025 judices
2232 1943 2644 2012 absolverunt:
2688 1945 2769 2005 ob
2792 1964 2888 2004 re·

976 2044 1225 2104 citatum
1252 2043 1484 2104 Valerii
1509 2063 1771 2117 carmen,
1807 2063 1928 2123 quo
1969 2061 2210 2123 puerum
2244 2049 2682 2121 praetextatum,
2708 2050 2775 2101 et
2794 2042 2887 2100 in-

977 2161 1229 2220 genuam
1264 2141 1548 2220 virg-inem
1592 2162 1632 2202 a
1670 2161 1733 2202 se
1774 2148 2108 2220 corruptam
2150 2139 2387 2220 poetico
2408 2138 2557 2217 joco
2590 2137 2885 2217 sig-nifica-

976 2247 1168 2298 verat.

940 2376 956 2395 .
1057 2339 1160 2394 41.
1207 2331 1352 2392 Hoc
1376 2334 1558 2394 etiam
1578 2353 1736 2395 anno
1762 2333 1918 2394 male
1942 2339 2150 2393 contra
2166 2329 2447 2409 fugitivos
2466 2331 2525 2391 in
2554 2329 2770 2391 Sicilia
2792 2351 2889 2393 res

907 2507 924 2526 .
980 2448 1018 2489 a
1043 2429 1118 2490 C.
1163 2429 1418 2490 Servilio
1466 2440 1715 2511 praetore
1751 2440 1951 2510 gestae.
2036 2429 2238 2510 Capta
2270 2447 2505 2508 quoque
2538 2438 2734 2490 castra
2756 2432 2890 2509 ejus

978 2535 1247 2586 auctores
1265 2526 1476 2588 habeo.
1561 2527 1685 2587 Sed
1704 2528 1766 2588 in
1792 2529 1881 2587 his
1902 2525 2143 2607 quidem
2166 2524 2339 2584 rebus
2354 2527 2523 2606 sequi
2553 2525 2889 2588 Diodorum

979 2622 1160 2682 tutius
1184 2631 1358 2694 esset,
1376 2624 1639 2702 genitum
1664 2624 1725 2683 in
1750 2622 1983 2693 Sicilia,
2006 2620 2506 2703 temporibusque,
2534 2622 2751 2702 quibus
2774 2623 2891 2684 ista

980 2719 1358 2798 gerebantur,
1399 2739 1755 2800 supparem:
1797 2719 1977 2779 modo
2014 2718 2384 2778 transmissus
2408 2716 2489 2777 ad
2519 2736 2625 2777 nos
2666 2719 2893 2798 integer

977 2815 1084 2875 ille
1120 2814 1366 2896 scriptor
1400 2815 1570 2876 foret.
1656 2814 1733 2874 In
1762 2815 1857 2886 iis,
1890 2835 2039 2895 quas
2060 2813 2347 2889 habemus
2380 2813 2667 2894 reliquiis»,
2699 2817 2893 2895 magis

977 2909 1211 2971 desidia
1228 2931 1407 2992 quam
1434 2911 1639 2972 clades
1660 2910 1919 2981 Servilii,
1942 2919 2005 2970 st
2027 2911 2098 2981 is,
2126 2909 2289 2992 quod
2309 2910 2455 2970 nihil
2474 2911 2534 2970 in
2550 2931 2624 2971 eo
2644 2911 2891 2993 imperio

977 3007 1259 3068 memoria
1286 3006 1532 3086 dignum
1572 3007 1829 3079 fecisset,
1869 3015 2180 3067 accusatus
2216 3015 2423 3087 postea
2456 3005 2675 3068 Romae
2696 3007 2891 3069 solum

977 3103 1218 3162 vertisse
1253 3103 1522 3165 traditur.
1611 3103 1779 3164 Nam
1824 3102 2158 3162 Athenioni
2194 3103 2478 3184 proclivia
2510 3106 2712 3164 omnia
2736 3125 2889 3186 prae-

979 3199 1122 3259 toris
1157 3199 1396 3278 ignavia
1427 3201 1607 3261 fuisse
1646 3199 1933 3260 creditum
1968 3210 2092 3260 est:
2136 3199 2213 3259 ad
2242 3219 2417 3281 quem
2444 3203 2713 3263 extincto
2739 3201 2891 3263 forto

979 3292 1300 3374 Tryphone
1328 3317 1554 3358 summa
1573 3299 1802 3358 servilis
1826 3297 2054 3378 imperii
2076 3306 2441 3378 pervenerat.
2500 3299 2889 3379 Quanquam,

985 3400 1054 3453 ut
1077 3414 1281 3454 verum
1308 3394 1520 3467 fatear,
1547 3417 1665 3457 non
1686 3397 1862 3458 video
1898 3387 2047 3475 quid
2071 3397 2288 3467 obstet,
2312 3417 2417 3456 cur
2437 3416 2554 3456 non
2580 3407 2642 3458 et
2664 3397 2891 3458 victum

985 3491 1064 3550 ab
1091 3490 1434 3552 Athenione
1472 3487 1814 3566 Servilium,
1843 3503 1907 3553 et
1938 3513 2015 3552 ex
2042 3513 2114 3552 eo
2137 3512 2279 3552 casu
2298 3491 2515 3554 deinde
2534 3494 2891 3556 timidiorem

985 3589 1231 3662 factum,
1258 3592 1594 3652 occasiones
1621 3591 1920 3673 pugnandi
1956 3591 2230 3651 vitavisse
2254 3589 2580 3652 credamus.

1064 3693 1166 3747 4⁴2.
1211 3687 1277 3748 Is
1303 3697 1462 3748 certe
1487 3697 1683 3749 sumta
1705 3699 1869 3750 veste
1896 3709 2207 3769 purpurea,
2229 3698 2625 3770 argenteoque
2650 3689 2889 3765 baculo,

983 3792 1045 3843 et
1069 3783 1423 3856 diademate,
1451 3806 1587 3846 cum
1609 3787 1794 3857 vicos,
1821 3785 2092 3857 castella,
2114 3785 2339 3866 oppida
2356 3787 2593 3868 impune
2617 3785 2891 3868 diripuis-

982 3890 1093 3954 set,
1119 3881 1198 3942 ad
1215 3902 1555 3961 magnarum
1571 3884 1802 3944 urbium
1819 3881 2181 3944 obsidionem
2208 3883 2469 3943 animum
2493 3883 2753 3963 adjicere
2768 3906 2891 3946 coe-

983 3979 1092 4058 pit.
1135 3977 1473 4039 Messanam
1485 3979 1725 4060 quidem
1742 3999 1946 4061 parum
1966 3979 2157 4039 abfuit
2171 3980 2309 4058 quin
2328 3981 2644 4062 improviso
2670 3982 2891 4064 impetu

983 4085 1239 4156 caperet.
1268 4075 1417 4137 Huc
1437 4078 1658 4148 omnia,
1672 4097 1807 4157 quae
1828 4076 2081 4156 alicujus
2094 4077 2265 4158 pretii
2282 4087 2498 4146 essent,
2520 4087 2588 4138 ut
2606 4077 2683 4138 ad
2698 4088 2890 4140 tutam

985 4171 1334 4244 custodiam,
1376 4184 1744 4256 comportata
1782 4195 1861 4235 ex
1894 4195 2036 4253 agro
2070 4173 2430 4234 Mamertino
2460 4173 2711 4242 fixerant.
2795 4177 2890 4238 Eo

989 4267 1176 4350 magis
1199 4270 1522 4352 cupiditate
1563 4273 1933 4354 amplissimae
1976 4271 2191 4362 prapdae
2226 4270 2479 4345 illectus,
2516 4273 2758 4334 insidias
2794 4295 2887 4336 so-
