3225 5242
743 501 918 616 450⁶

767 811 954 858 Memn-
966 823 1048 874 ap.

744 875 907 951 Ph⁰¹²n

789 2257 942 2307 Diod.
961 2270 1043 2319 ap.

753 2321 894 2398 ῙῖιιΙν.
918 2321 1012 2372 Ur·

757 2521 1061 2566 xxxma-6.

759 2581 952 2632 Memn-

787 2744 971 2796 Justin.

759 2825 994 2861 xxxvxu.
1016 2815 1063 2861 1.

790 3805 944 3854 Strab.
966 3821 1068 3854 xu-

765 3887 821 3936 p.
843 3874 959 3920 ⁶40.

795 3935 828 3984 J
831 3935 984 3984 ustin-

761 4014 1003 4049 xxxvnx.
1015 4004 1065 4050 2.

797 4065 830 4114 J
834 4063 979 4112 nstin.

765 4144 837 4176 xx
847 4143 982 4178 xvu.
997 4133 1048 4180 4.

1724 569 1797 620 Τ.
1844 567 2035 618 mvn

1153 717 1254 772 43.
1298 711 1425 772 Per
1447 731 1524 772 ea
1545 721 1817 793 tempora
1838 712 2093 772 turbatae
2120 719 2212 771 res
2240 709 2407 770 Asiae
2428 709 2883 790 pulcherrimam
2905 709 2979 770 L.

1076 807 1264 890 Syllae
1313 807 1614 870 crescendi
1662 811 2037 872 occasionem
2092 809 2485 890 praebuerunt.
2570 806 2983 890 Cappadociae

1073 925 1317 984 regnum
1341 907 1480 966 hinc
1507 905 1874 967 Nicomedes
1898 906 2221 986 Bithynus,
2248 905 2387 966 inde
2414 906 2707 968 Ponticus
2734 904 2985 966 Mithri-

1071 1002 1242 1063 dates
1265 1003 1714 1064 vehementibus
1736 1003 1948 1064 studiis
1972 1003 2377 1064 affectabant:
2430 1023 2625 1084 neque
2662 1023 2871 1084 parum
2902 1003 2985 1064 ad

1073 1098 1382 1175 Romanos
1400 1101 1753 1180 pertinebat,
1770 1101 1915 1177 jura
1936 1100 2227 1160 sociorum
2252 1119 2579 1181 pacemque
2598 1101 2769 1160 tueri.
2856 1099 2983 1160 Sed

1072 1197 1267 1256 acrius
1309 1197 1725 1256 excitabantur
1770 1195 2141 1257 Mithridatis
2184 1196 2571 1267 incremento,
2622 1217 2695 1256 cu
2690 1198 2797 1275 jus
2840 1196 2983 1256 olim

1073 1303 1406 1374 suspectam
1441 1293 1769 1374 potentiam
1808 1293 2131 1353 habebant.
2216 1291 2577 1353 Accedebat
2604 1293 2789 1352 Marii
2812 1293 2982 1372 cupi-

1075 1389 1253 1460 ditas,
1281 1391 1386 1470 qui
1405 1388 1574 1450 nulla
1595 1391 1873 1449 satietate
1901 1388 2109 1467 gloriae
2131 1387 2359 1449 bellum
2377 1390 2655 1469 optabat,
2670 1409 2811 1449 cum
2835 1389 2985 1450 alia-

1075 1505 1206 1546 rum
1231 1487 1446 1546 artium
1471 1485 1657 1556 rudis,
1684 1486 1859 1544 rebus
1882 1485 2097 1564 quietis
2120 1504 2421 1544 senescere
2452 1484 2674 1545 famam
2700 1505 2867 1546 suam
2892 1486 2981 1545 vi-

1074 1581 1262 1642 deret.
1345 1580 1568 1661 Neque
1605 1580 1773 1641 aliud
1810 1582 1869 1641 ei
1912 1581 2275 1661 propositum
2312 1579 2489 1642 fuisse
2522 1582 2826 1653 rebantur,
2852 1603 2985 1642 cum

1077 1680 1138 1738 in
1165 1678 1440 1738 Asiatico
1477 1678 1683 1738 itinere
1716 1677 1935 1737 multas
1972 1678 2309 1758 provincias
2341 1677 2557 1749 obiret,
2582 1697 2765 1759 quam
2802 1687 2871 1738 ut
2896 1699 2985 1738 res

1077 1794 1280 1853 reg-um
1323 1773 1746 1856 specularetur,
1794 1782 1857 1833 et
1896 1793 2001 1834 eos
2048 1773 2199 1832 inter
2240 1793 2305 1833 se
2344 1775 2759 1834 committeret.
2845 1775 2985 1842 Quo

1077 1880 1340 1952 tempore
1371 1869 1707 1930 Mithridati
1735 1870 1795 1929 in
1818 1868 2123 1949 colloquio
2148 1878 2347 1950 aperte
2380 1869 2562 1942 dixit,
2602 1879 2619 1906 ‘
2636 1882 2745 1931 aut
2779 1891 2985 1952 paren-

1077 1968 1219 2028 dum
1247 1968 1563 2041 Romanis,
1589 1978 1696 2029 aut
1718 1987 1959 2049 operam
1983 1967 2265 2038 dandam,
2292 1987 2413 2047 quo
2446 1977 2603 2028 esset
2636 1967 2756 2027 illis
2780 1977 2985 2048 poten-

1079 2066 1235 2126 tior?
2947 2096 2955 2102 ·
3058 2121 3069 2131 .

1161 2171 1262 2224 44.
1307 2161 1432 2224 Sed
1459 2161 1866 2235 Mithridates,
1896 2161 2159 2223 nondum
2181 2161 2271 2222 ita
2297 2161 2520 2242 paratis
2544 2163 2739 2234 rebus,
2768 2172 2836 2224 ut
2859 2164 2984 2225 bel-

1082 2259 1204 2320 lum
1229 2269 1505 2332 sumeret,
1533 2268 1598 2322 et
1624 2258 1738 2333 illi,
1764 2269 1829 2320 et
1853 2261 1957 2341 q'ui
1982 2269 2192 2341 postea
2214 2269 2501 2320 venerant
2528 2259 2765 2339 legatis,
2794 2260 2989 2321 molli-

1083 2367 1173 2418 ter
1197 2357 1536 2438 respondit:
1581 2378 1774 2438 neque
1818 2357 2107 2418 thesauris
2149 2357 2437 2436 pepercit,
2464 2377 2585 2437 quo
2611 2377 2825 2437 pacem
2850 2360 2988 2418 reti-

1083 2465 1286 2524 neret3
1331 2464 1413 2527 et,
1457 2475 1805 2538 quanquam
1844 2475 1883 2514 a
1928 2453 2267 2514 Nicomede
2302 2453 2719 2526 lacessebatur,
2744 2453 2991 2534 quievit.

1088 2551 1446 2632 Scytharum
1471 2571 1711 2632 quoque
1737 2551 1955 2630 regulis
1978 2559 2183 2630 erepta
2226 2551 2531 2611 restituere
2563 2552 2788 2630 jussus,
2832 2571 2994 2632 quae-

1084 2649 1224 2710 dam
1265 2647 1544 2709 reddidit.
1630 2647 2083 2730 Cappadociam
2124 2657 2323 2707 tamen
2360 2649 2447 2708 uti
2492 2647 2873 2729 relinqueret,
2914 2651 2991 2710 ab

1089 2751 1287 2807 animo
1331 2747 1646 2827 impetrare
1688 2767 1807 2805 non
1856 2747 2101 2828 potuit.-
2164 2743 2353 2805 Hanc
2390 2765 2499 2806 sua
2544 2767 2723 2806 manu
2768 2746 2993 2827 perfide

1087 2843 1398 2904 interfecto
1444 2845 1661 2904 sororis
1704 2842 1831 2904 filio
1878 2852 2131 2924 raptam,
2178 2841 2395 2902 deiude
2439 2843 2653 2902 iterum
2694 2845 2991 2914 amissam,

1047 2974 1060 2990 ·
1087 2963 1224 3004 cum
1271 2944 1448 3002 armis
1491 2951 1821 3023 repeteret3
1869 2941 2240 3002 Nicomedes
2276 2961 2399 3000 suae
2426 2961 2663 3021 quoque
2693 2941 2995 3024 Bithyniae

1085 3043 1318 3111 timeae,
1349 3039 1651 3100 Laodicen
1680 3059 1949 3110 uxorem,
1977 3059 2113 3119 quae
2147 3039 2309 3120 prius
2334 3038 2390 3098 A
2403 3039 2645 3099 riarathi
2673 3038 2996 3121 Cappado-

1083 3139 1194 3198 ciae
1219 3139 1342 3218 regi
1367 3147 1555 3218 nupta
1576 3137 1793 3208 fuerat,
1819 3136 2083 3197 Romam
2109 3138 2313 3206 mittit,
2336 3146 2405 3196 ut
2420 3157 2485 3196 se
2504 3145 2751 3196 matrem
2772 3157 2992 3198 assere-

1085 3243 1177 3293 ret
1200 3234 1388 3314 pueri,
1415 3235 1514 3294 cui
1543 3233 1933 3304 Nicomedes,
1960 3243 2243 3313 tanquam
2291 3232 2633 3294 Ariarathis
2676 3233 2829 3306 filio,
2866 3255 2993 3314 reg-

1086 3351 1224 3391 num
1267 3331 1612 3391 tradiderat.
1718 3331 1865 3390 Hoc
1918 3339 2219 3410 comperto
2268 3329 2654 3390 Mithridates
2702 3329 2995 3392 Gordium

1085 3427 1290 3497 mittit,
1313 3427 1504 3487 nihilo
1531 3426 1949 3487 verecundiore
1976 3426 2287 3488 mendacio
2310 3426 2710 3498 defensurum,
2758 3437 2775 3464 ‘
2808 3427 2995 3489 filium

1085 3526 1215 3601 ejus
1239 3523 1604 3592 Ariarathis,
1632 3525 1737 3602 qui
1763 3524 1927 3584 bello
1964 3523 2293 3582 Aristonici
2315 3528 2363 3554 ¹¹
2394 3523 2728 3594 cecidisset,
2754 3544 2997 3605 puerum

1086 3639 1222 3678 eum
1249 3640 1398 3691 esse,
1425 3621 1532 3700 qui
1558 3630 1711 3679 esset
1738 3642 1775 3680 a
1803 3619 2157 3681 Mithridate
2195 3619 2255 3679 in
2294 3619 2655 3700 possessione
2682 3619 2847 3700 regui
2870 3622 2997 3683 coi-

1089 3715 1363 3777 locatus.’

1171 3821 1270 3874 45.
1315 3814 1571 3873 Senatus
1610 3812 2033 3892 impudentiam
2075 3833 2277 3892 regum
2319 3815 2583 3886 mitanis,
2628 3823 2645 3850 ‘
2675 3814 2997 3897 Cappado-

1090 3930 1212 3982 ces,
1240 3909 1399 3990 quod
1426 3910 1695 3970 extincta
1720 3929 1922 3988 regum
1952 3911 2127 3989 stirps
2166 3918 2337 3980 esset,
2370 3910 2587 3970 liberos
2608 3930 2735 3971 esse
2752 3911 2769 3938 '
2801 3913 2999 3992 jubet.

1094 4004 1270 4067 Idem
1295 4005 1634 4066 decernitur
1672 4005 1748 4066 de
1776 4004 2220 4086 Paphlagonia,
2256 4025 2437 4087 quam
2479 4006 2852 4068 Nicomedes
2888 4007 2999 4068 ob-

1092 4104 1344 4174 tinebat,
1372 4124 1479 4184 per
1513 4100 1707 4162 filium
1734 4102 1837 4162 ille
1863 4102 2142 4182 quidem:
2186 4103 2292 4162 sed
2329 4103 2604 4184 imposito
2630 4103 2999 4184 Pylemaeuis

1091 4202 1330 4262 nomine
1360 4203 1592 4280 justum
1622 4200 1809 4261 videri
1837 4199 2128 4259 haeredem
2156 4199 2444 4261 voluerat.

1618 4449 1674 4496 11
1716 4445 1991 4496 Aristonico
2012 4445 2134 4496 edd.
2160 4451 2281 4496 aute
2306 4445 2459 4496 Crev-
