3225 5242
1674 496 1745 547 Τ.
1792 496 1991 548 mvn

1013 669 1020 677 ·
1110 645 1192 699 6.·
1217 635 1366 699 nae
1400 646 1530 699 arte
1567 637 1743 700 ducis
1771 636 1943 701 brevi
1972 636 2297 721 perfectum
2330 648 2442 711 est,
2474 646 2545 699 ut
2578 636 2941 700 militesnoir

700 836 926 903 Polym.

707 902 842 952 Plut.

1029 735 1210 797 modo
1257 736 1464 797 timere
1507 737 1737 797 bostem
1782 736 2141 807 desinerent,
2183 736 2290 796 sed
2330 736 2515 797 etiam
2556 736 2709 796 valli
2748 740 2946 817 magis

1029 852 1210 913 quam
1249 854 1542 894 armorum
1575 854 1693 915 ope
1725 834 1970 895 defendi
2004 833 2465 914 indignarentur.
2544 832 2806 913 Jamque
2830 834 2947 894 tri-

1029 929 1320 991 bunorum
1345 938 1410 991 et
1429 932 1843 993 centurionum
1866 930 2133 1012 plerique
2156 930 2385 991 deferre
2410 928 2491 991 ad
2520 930 2941 1011 imperatorem

1029 1026 1427 1107 querimonias
1457 1026 1715 1089 militum
1748 1048 2005 1108 suasque
2046 1026 2367 1088 audebant.
2450 1027 2627 1094 Quos
2654 1024 2761 1085 ille
2788 1028 2943 1087 ucri-

1027 1132 1124 1185 ter
1163 1124 1546 1205 objurgabat,
1604 1134 1623 1162 ‘
1648 1126 1858 1207 patriae
1900 1124 2229 1206 proditores
2247 1126 2265 1154 '
2316 1122 2701 1205 appellando,
2756 1131 2777 1158 ‘
2806 1126 2942 1205 qui,

1029 1230 1321 1302 quantum
1341 1223 1402 1282 in
1427 1223 1568 1304 ipsis
1583 1230 1764 1294 esset,
1786 1221 2261 1283 florentissimum
2292 1220 2501 1302 populi
2536 1216 2803 1283 Romani
2828 1242 2943 1283 ex-

1031 1320 1304 1391 ercitum,
1352 1318 1608 1381 tutelam
1652 1318 1877 1391 Italiae,
1924 1338 2093 1401 spem
2136 1318 2301 1379 urbis
2342 1318 2602 1391 unicam,
2648 1320 2945 1400 praecipiti

893 1449 904 1459 ·
1031 1418 1362 1479 temeritate
1381 1416 1679 1498 perditum
1702 1417 1899 1477 irent.’
1980 1414 2147 1477 Haec
2170 1415 2474 1497 privatim,
2496 1424 2563 1476 et
2586 1426 2800 1477 contra
2820 1418 2946 1477 sin-

709 2284 876 2336 Front.

711 2351 858 2401 Str-at.
879 2368 916 2404 ι.
935 2356 1014 2405 11.

707 2414 837 2466 Plut.

1033 1514 1222 1593 gulos.
1259 1578 1266 1586 ,
1303 1515 1404 1575 At
1425 1513 1818 1575 multitudinis
1849 1514 2136 1595 impetum
2164 1512 2321 1573 comi
2351 1532 2617 1573 sermone
2640 1511 2945 1574 leniebat:

1034 1619 1054 1647 ‘
1075 1630 1190 1671 non
1227 1610 1496 1691 ignarum
1521 1632 1586 1672 se
1611 1612 1833 1693 quibus
1856 1612 1999 1671 viris
2022 1619 2319 1692 praeeoeet,
2346 1630 2539 1691 neque
2570 1612 2775 1671 virmti
2802 1610 2946 1671 illo-

1033 1726 1162 1767 rum
1183 1717 1290 1769 aut
1321 1710 1518 1770 robori
1551 1708 1808 1769 diffisum
1842 1728 1965 1770 rem
2000 1707 2279 1769 trabere.'
2336 1706 2641 1769 Monitum
2674 1706 2947 1769 Deorum

1031 1824 1182 1881 esse,
1214 1814 1284 1865 ut
1304 1804 1570 1867 debitum
1597 1806 1867 1868 victoriae
1892 1814 2127 1887 tempus
2148 1804 2537 1886 opperiatur.²

1115 1908 1176 1966 7.
1221 1900 1486 1964 Facilius
1507 1923 1711 1985 pram
1729 1902 2031 1983 religionis
2052 1901 2335 1974 ludibrio,
2361 1908 2543 1984 quam
2568 1910 2748 1963 rectoe
2774 1920 2945 1963 reve—

1034 1998 1226 2061 rentia
1239 2001 1366 2080 regi
1387 2000 1664 2080 vulg-ara
1678 2002 1891 2061 auimae
1910 2000 2216 2082 patiuntur
2235 2018 2252 2059 ε
2280 2018 2471 2080 neque
2490 1998 2621 2059 ulla
2632 1998 2961 2061 confinem·

1030 2097 1127 2158 dis
1143 2105 1272 2158 tum
1298 2098 1590 2159 militibus
1607 2096 1905 2160 efficacior
1929 2098 2085 2158 ratio
2104 2096 2239 2157 fuit.
2284 2096 2369 2157 Et
2392 2096 2647 2167 Marius,
2667 2096 2795 2156 sive
2814 2096 2945 2179 ipse

1033 2214 1273 2275 quoque
1295 2194 1570 2257 credulus
1590 2195 1837 2267 talibus,
1862 2194 1987 2256 sive
2008 2193 2289 2255 utilitatis
2302 2194 2481 2274 hujus
2504 2192 2715 2273 gratia,
2736 2212 2947 2273 sag-am

1035 2310 1117 2352 ex
1143 2291 1344 2373 Syria,
1379 2292 1687 2354 Mai-tham
1712 2292 1968 2363 nomine,
1996 2292 2057 2351 in
2092 2292 2322 2362 castris,
2358 2300 2423 2352 et
2442 2290 2768 2351 futurorum
2790 2308 2943 2371 proe-

1035 2390 1222 2450 sciam
1259 2399 1324 2450 et
1358 2410 1658 2451 sacrorum
1680 2390 2021 2469 magistram
2048 2376 2334 2449 babebat.
2416 2386 2607 2449 Hauc
2646 2388 2790 2447 artis
2820 2407 2947 2447 ωε

1036 2487 1334 2567 specimen
1369 2489 1430 2549 in
1455 2488 1601 2549 urbe
1627 2486 1801 2548 edere
1826 2493 2215 2566 satagentem,
2250 2493 2489 2546 senatus
2518 2484 2953 2567 superstitionis

1035 2592 1302 2645 externe
1313 2593 1665 2657 contemtor,
1686 2584 1899 2666 patriae
1928 2594 2133 2655 tenax,
2167 2602 2308 2643 cum
2336 2582 2673 2664 repuliaeet,
2693 2580 2773 2641 ad
2800 2580 2945 2642 Ma-

1033 2680 1184 2741 rium
1209 2702 1360 2741 uxor
1384 2680 1554 2742 Julia
1579 2681 1841 2753 miserat,
1873 2679 2166 2741 admirata
2206 2678 2605 2762 praedictionis
2636 2688 2947 2751 eventum,

1036 2776 1196 2858 quod
1233 2778 1586 2859 gladiatorio
1620 2779 1939 2842 certamine
1962 2778 2175 2849 victor,
2204 2796 2382 2858 quem
2410 2776 2657 2837 Martha
2678 2776 2945 2837 futurum

1035 2874 1421 2947 indicaverat,
1463 2874 1779 2936 extitisset.
1864 2874 1959 2935 Ut
1996 2894 2139 2953 ergo
2182 2872 2417 2933 mulieri
2446 2882 2617 2935 tanto
2642 2872 2779 2954 plus
2802 2892 2947 2933 auc-

1033 2974 1289 3033 toritatis
1325 2972 1385 3033 in
1421 2974 1689 3035 exercitu
1734 2972 2099 3043 conciliaret,
2148 2970 2381 3031 lecticoe
2424 2972 2761 3053 impositam
2804 2989 2943 3029 cum

1034 3072 1408 3131 veneratione
1433 3061 1923 3131 circumferebat:
1966 3068 2201 3139 eadem,
2238 3068 2469 3149 quoties
2494 3066 2575 3128 ad
2606 3086 2776 3128 sacra
2800 3067 2943 3127 obe-

1034 3166 1194 3227 unda
1227 3166 1506 3248 prodiret,
1547 3169 1606 3227 iu
1644 3184 1939 3248 purpureo
1974 3164 2230 3248 amiculo
2270 3164 2522 3246 duplici,
2557 3164 2721 3246 quod
2762 3182 2944 3224 aurea

1034 3261 1222 3324 fibula
1245 3266 1655 3337 subnectebat,
1682 3265 1913 3324 hastam
1934 3264 2127 3324 taeniis
2151 3271 2215 3323 et
2244 3262 2679 3337 coronamentis
2704 3260 2941 3321 redimi-

1031 3369 1158 3422 tam
1183 3363 1454 3423 manibus
1477 3362 1693 3434 ferenS,
1720 3362 2215 3443 conspiciebatur.

1113 3466 1174 3519 8.
1218 3450 1547 3531 PraetereJa,
1583 3458 1745 3541 quod
1770 3457 2112 3520 Alexandri
2145 3454 2387 3538 Myndii
2412 3452 2533 3515 fide
2558 3453 2813 3515 relatum
2830 3464 2941 3527 est,

1031 3554 1154 3616 duo
1173 3554 1438 3617 vultures
1461 3556 1801 3638 frequenter
1819 3558 1881 3616 in
1906 3556 2169 3617 exercitu
2206 3553 2393 3616 Marii
2418 3560 2835 3633 apparuerunt,
2862 3546 2953 3612 ex'

1033 3654 1214 3713 aeneis
1235 3652 1560 3715 collaribus
1585 3656 1737 3725 noti,
1757 3673 1901 3734 ,quae
1920 3654 2117 3735 captis
2139 3652 2357 3713 milites
2374 3649 2759 3721 addiderant:
2790 3669 2942 3710 nun·

1031 3750 1125 3821 tii,
1154 3759 1223 3810 ut
1243 3751 1621 3824 credebatur,
1645 3752 1931 3824 victoriae,
1964 3771 2155 3831 eoque
2194 3768 2494 3830 nunquam
2530 3748 2659 3807 sine
2678 3747 2945 3808 maxima

1033 3846 1288 3908 militum
1341 3847 1550 3909 laetitia
1589 3850 1915 3930 conspecti.
2013 3846 2532 3916 Quemadmodum
2568 3846 2775 3927 paucis
2813 3854 2947 3927 post

1033 3946 1226 4018 annis,
1251 3955 1319 4006 ut
1341 3946 1653 4028 probabile
1676 3956 1787 4019 est,
1812 3944 2245 4007 vestamentum
2278 3944 2647 4026 imperatoris
2683 3942 2774 4003 sui
2812 3942 2941 4002 imi-

1031 4050 1216 4115 tatus,
1253 4060 1490 4103 cervam
1531 4041 1616 4111 Q.
1652 4042 1943 4103 Sertorius
1982 4042 2213 4108 habuit.
2755 4116 2765 4121 -

1112 4144 1174 4199 9.
1221 4137 1344 4199 Sed
1383 4139 1505 4201 illis
1535 4140 1919 4222 temporibus,
1938 4126 2169 4220 'praeter
2204 4136 2440 4197 insitam
2478 4134 2812 4196 hominibus
2834 4144 2947 4194 ve-'

1029 4233 1317 4307 cordiam,
1353 4245 1418 4297 et
1455 4237 1516 4297 in
1557 4246 1719 4297 metu
1750 4235 1937 4297 cuivis
1960 4233 2356 4317 superstitioni
2378 4231 2646 4303 facilem,
2674 4230 2943 4290 ludibri'u

1030 4328 1146 4390 hoc
1171 4351 1354 4411 genus
1385 4332 1706 4395 terribilem
1744 4332 2002 4416 speciem
2042 4332 2131 4393 A.
2175 4330 2455 4413 Pompeii
2490 4328 2709 4391 tribuni
2748 4326 2941 4409 plebis

1031 4444 1184 4488 mors
1209 4430 1425 4493 acerba
1458 4440 1520 4493 et
1549 4431 1856 4513 inopinata
1881 4430 2367 4493 circumdederat.
2455 4422 2783 4489 Batabatee
2806 4425 2947 4503 qu'i‘
