3225 5242
715 562 892 633 4332
1443 634 1452 641 ,
1483 643 1488 654 .
1668 586 1739 635 τ.
1785 583 1981 635 mvn

1039 730 1198 782 tores
1215 740 1351 783 cum
1371 722 1552 804 virgis
1575 732 1640 784 et
1666 724 1970 785 securibus
1996 734 2133 785 ante
2169 744 2233 785 se
2268 724 2533 786 habebat
2558 744 2573 783 ε
2618 723 2739 787 alia
2777 724 2949 786 deni-

1042 838 1158 899 que
1179 819 1292 879 boc
1312 840 1493 899 genus
1519 822 1697 883 solita
1716 822 2167 904 imperatoribus
2194 823 2501 901 regibusve
2522 822 2865 903 usurpabat.

709 982 726 997 .
755 916 976 966 Freinsh.
1123 924 1235 979 45.
1269 916 1399 978 Sub
1429 918 1586 979 idem
1609 929 1863 1001 tempus,
1876 919 2037 979 haud
2062 919 2268 989 dubie,
2290 920 2435 1001 quia
2454 919 2741 980 tumultus
2762 920 2953 979 servi·-

707 982 912 1097 ssfff‘·
931 996 1018 1031 ¹¹¹⁶
1043 1013 1118 1073 lis
1146 1014 1206 1075 in
1245 1012 1478 1087 Sicilia,
1520 1014 1689 1076 velut
1711 1014 1949 1077 occluso
1974 1016 2135 1076 urbis
2160 1016 2393 1086 horreo,
2430 1034 2721 1077 annonam
2752 1024 2951 1077 arcta-

745 1111 855 1160 Cic.
877 1125 967 1176 pro
1043 1110 1233 1182 verat,
1274 1109 1346 1171 L.
1373 1108 1676 1192 Apuleius
1706 1111 2059 1174 Saturninus
2085 1121 2346 1193 quaestor
2370 1112 2662 1173 Ostiensis
2697 1112 2785 1172 rei
2828 1112 2952 1174 fru-

587 1220 594 1229 .
712 1176 851 1227 Sext.
873 1191 923 1224 c.
935 1179 1019 1226 1⁷.

747 1239 900 1289 Diod.
919 1255 999 1306 Ψ.
1045 1207 1344 1267 menterioe
1390 1207 1707 1289 praefectus
1760 1218 1874 1281 est,
1931 1209 2094 1288 qd'od
2148 1228 2493 1287 magnarum
2536 1208 2951 1269 calamitatum

710 1305 881 1381 Valeo.
1045 1302 1278 1365 initium
1305 1303 1440 1366 fuit.
1525 1306 1684 1367 Cum
1703 1306 1857 1367 enim
1880 1304 2221 1368 adolescens
2238 1305 2411 1366 luxui
2436 1314 2499 1367 et
2534 1306 2761 1365 inertiae
2780 1305 2953 1365 dedi-

711 1367 1002 1498 Ηῖζοιξζψ
1044 1408 1140 1459 tus
1158 1403 1458 1481 negotium
1473 1404 1730 1482 seg-niter
1750 1402 2208 1475 administraret,
2230 1402 2468 1464 ademta
2485 1404 2600 1463 sibi
2620 1404 2701 1463 ab
2716 1412 2953 1476 senatu,

710 1514 758 1549 c·
777 1502 861 1549 2⁰·
1047 1498 1456 1579 translataque
1489 1500 1550 1559 in
1595 1498 1689 1559 Μ.
1722 1497 2013 1560 Scaurum
2056 1500 2377 1580 principem
2414 1501 2721 1560 curatione
2746 1499 2835 1560 sic
2862 1501 2955 1560 in-

713 1593 867 1644 Diod.
1043 1592 1262 1665 doluit,
1283 1603 1351 1655 ut
1373 1596 1573 1655 statim
1597 1615 1637 1655 a
1658 1596 1851 1676 priore
1880 1595 2120 1656 luxuria
2150 1594 2227 1655 ad
2265 1597 2661 1657 temeritatem
2686 1616 2749 1655 se
2772 1595 2954 1657 refer-

944 1691 950 1702 '
1043 1699 1167 1760 ret:
1211 1700 1274 1751 et
1298 1689 1643 1772 popularem
1668 1692 1956 1751 rationem
1988 1691 2324 1772 amplexus,
2368 1691 2662 1770 Patribus
2696 1692 2955 1753 infestis·

1047 1786 1230 1847 simus
1255 1787 1781 1867 acerbissimusque
1808 1786 2181 1848 adversarius
2200 1786 2387 1849 lieret.

1127 1888 1230 1945 46.
1276 1876 1704 1943 consularibus
1754 1884 1980 1944 interea
2027 1883 2285 1944 comitiis
2342 1882 2419 1944 C.
2467 1882 2673 1943 Mario
2712 1884 2957 1945 tertium

1044 1976 1210 2039 facto
1239 1977 1475 2059 collega
1503 1978 1574 2039 L.
1599 1978 1887 2040 Aurelius
1908 1979 2154 2040 Orestes
2180 1978 2475 2040 additur?
2541 1978 2766 2050 Mario,
2793 1980 2959 2059 qnod

716 2082 850 2135 Plut.
863 2082 989 2135 Mar.
1045 2072 1194 2135 belli
1210 2072 1399 2152 gloria
1419 2072 1794 2155 proefiilgens,
1810 2095 1999 2157 nuper
2012 2076 2307 2155 egregiam
2322 2074 2577 2154 justitiae
2594 2074 2961 2156 opinionem,

1048 2180 1113 2230 et
1132 2189 1211 2231 ex
1241 2190 1316 2230 ea
1343 2172 1658 2232 caritatem
1694 2172 1948 2231 militum
1968 2172 2343 2251 quaesiverat,
2376 2180 2439 2231 et
2470 2172 2815 2231 consulatus
2848 2172 2960 2231 ab-

909 2319 918 2327 .
1049 2267 1201 2327 senti
1233 2267 1431 2339 datus,
1467 2277 1530 2327 et
1569 2268 1939 2328 Cimbricum
1978 2266 2205 2327 bellum
2241 2287 2381 2328 cum
2412 2268 2717 2348 provincia
2742 2266 2965 2327 Gallia

747 2362 856 2420 Cic.
876 2364 940 2413 de
1047 2362 1373 2423 decretum.
1479 2362 1646 2424 Haec
1706 2372 1879 2425 extra
1922 2362 2191 2425 ordinem
2245 2362 2566 2435 dabantur,
2610 2364 2795 2423 etiam
2860 2363 2963 2425 Μ.

718 2428 1030 2544 g'gf'c‘m'
1054 2457 1266 2520 Scauri
1309 2458 1817 2539 Metellorumque
1872 2460 2216 2521 sententiis:
2280 2458 2443 2541 quod
2504 2460 2659 2520 inter
2714 2478 2962 2539 magnos

1053 2564 1244 2617 metus
1293 2556 1539 2637 privatis
1589 2556 1907 2617 affectibus
1956 2557 2336 2617 necessitates
2388 2556 2649 2639 publicae
2699 2557 2965 2637 potiores

1051 2661 1244 2713 erant.
1327 2651 1633 2713 Praetores
1662 2653 2101 2733 provinciarum
2126 2672 2201 2712 eo
2228 2672 2384 2713 anno
2409 2652 2491 2711 1..
2516 2652 2806 2713 Licinium
2838 2651 2964 2711 Lu-

1052 2747 1300 2820 cullum,
1319 2746 1436 2835 M.
1481 2748 1819 2810 Antonium
1858 2758 2087 2817 certos;
2136 2746 2417 2809 Fulvium
2452 2756 2516 2809 et
2556 2747 2845 2808 Pisonem
2880 2768 2961 2809 ex

1051 2846 1398 2924 conjectura
1423 2848 1672 2927 reperio.

757 2954 1015 3021 Linsspit.
1133 2946 1236 3005 47.
1281 2940 1576 3021 Magnum
1603 2942 1665 3001 in
1690 2940 1835 3001 urbe
1866 2960 1945 3001 ex
1980 2939 2247 3023 pluribus
2276 2938 2454 3000 bellis
2489 2941 2784 3011 timorem,
2824 2960 2965 3001 nam

726 3032 926 3134 3¹:¹5¹·
1053 3044 1115 3099 et
1140 3037 1327 3097 maria
1351 3038 1560 3119 piratae
1600 3036 1874 3098 infestare
1908 3046 2227 3118 coeperant,
2255 3044 2551 3098 auxerunt
2582 3036 2741 3097 foeda
2764 3036 2965 3118 prodi-

724 3100 858 3199 Ρῗὶιί.
873 3086 1030 3201 ιῗῖςτ,
1055 3133 1174 3211 gia.
1262 3132 1492 3195 Canem
1518 3132 1681 3215 apud
1718 3153 1781 3193 se
1820 3132 2087 3193 locutum
2111 3134 2537 3205 Ariminenses,
2566 3152 2735 3193 arma
2756 3132 2965 3193 coeles-

726 3212 864 3327 ξιξ·
883 3214 1011 3265 Mu.
1057 3228 1143 3289 tia
1168 3229 1320 3290 inter
1338 3250 1402 3291 se
1425 3231 1810 3301 concurrisse,
1839 3230 2009 3292 victis
2029 3242 2165 3309 quae
2208 3231 2287 3291 ab
2322 3249 2537 3291 occasu
2560 3239 2968 3301 occurrerant,

838 3311 856 3329 ’
1056 3324 1349 3387 Tudertes
1376 3327 1770 3407 Amerinique
1802 3328 2239 3388 nuntiaverunt.
2324 3326 2425 3387 Ex
2450 3327 2829 3408 bamspicum
2872 3348 2966 3391 re·

1059 3442 1275 3503 sponso
1301 3422 1557 3506 populus
1579 3426 1793 3505 stipem
1822 3424 2025 3485 Cereri
2050 3432 2114 3484 et
2138 3423 2520 3505 Proserpinae
2538 3424 2701 3495 tulit,
2732 3422 2967 3483 Siciliae

1061 3519 1306 3579 numina
1347 3520 1725 3601 placaturus:
1768 3521 2030 3599 virgines
2071 3530 2163 3580 ter
2206 3540 2453 3581 novenae
2494 3519 2655 3580 dona
2688 3530 2971 3581 canentes

733 3620 832 3699 Int.
852 3638 900 3674 c.
925 3627 1008 3699 ⁵⁰:
1062 3613 1344 3707 tulerunt.
1433 3614 1704 3677 Siculum
1728 3616 1953 3677 bellum
1979 3616 2050 3676 L.
2068 3615 2341 3687 Lucullo,
2370 3616 2681 3697 piraticum
2704 3615 2797 3675 Μ.
2827 3618 2965 3675 An-

735 3686 1046 3803 Lssssfl'u·
1064 3712 1226 3773 tonio
1266 3713 1586 3795 provinciae
1613 3714 1810 3775 datae:
1853 3713 2011 3774 Piso
2035 3712 2483 3785 Macedoniam,
2526 3711 2774 3773 Fulvius
2812 3710 2967 3779 His-

736 3815 886 3880 Pigh.
907 3816 1040 3866 Am.
1066 3812 1308 3889 panium
1333 3814 1574 3885 sortitus
1599 3821 1709 3873 est.

737 3911 869 3962 ven.
883 3930 947 3967 u.
961 3919 1042 3967 18.
1146 3912 1246 3967 48.
1291 3907 1356 3967 Α
1382 3907 1458 3971 C.
1488 3908 1689 3969 Mario
1715 3908 1812 3967 hic
1836 3908 2020 3968 etiam
2057 3920 2246 3967 annus
2275 3906 2337 3965 in
2368 3914 2655 3986 apparatu
2692 3924 2967 3965 consum-

736 3977 870 4029 PM·
1067 4011 1198 4064 tus:
1241 4006 1353 4067 nisi
1389 4006 1552 4087 quod
1591 4008 1705 4067 hoc
1740 4016 1801 4066 et
1838 4005 2135 4085 superiore
2161 4003 2496 4075 consulatu,
2518 4022 2623 4085 per
2640 4002 2971 4063 absentiam

1072 4097 1472 4179 Cimbrorum,
1516 4112 1726 4165 contra
1771 4100 1989 4163 Gallos
2018 4124 2023 4129 ·
2049 4100 2361 4185 quosdam,
2420 4108 2484 4161 et
2534 4098 2971 4161 Germanorum

1628 4333 1654 4359 ·
1688 4332 1755 4385 A.
1781 4334 1851 4387 υ.
1874 4334 2075 4387 em.
2108 4332 2176 4387 A.
2196 4332 2257 4385 e.
2280 4336 2397 4418 ¹9³·
2440 4402 2461 4415 θ
