3225 5242
830 550 1035 602 unm
1089 551 1245 598 nvi.
1286 548 1940 602 surranum-run.
2325 527 2502 596 4083

266 694 503 773 sagium
528 691 915 774 capientibus.
974 691 1093 754 Ille
1119 697 1371 774 accepta
1395 699 1710 774 potestate,
1733 709 1872 752 cum
1895 687 2176 752 advocari

263 790 615 850 concionem
655 789 948 869 jussisset,
1004 787 1309 850 Ennenses
1358 795 1652 870 quotquot
1691 787 2098 869 comprehensi
2137 805 2180 848 a

262 887 478 956 servis,
522 884 773 946 necdum
814 883 1105 946 interfecti
1139 893 1330 957 erant,
1371 883 1565 946 occidi
1596 903 1800 945 omnes
1829 883 2174 964 imperavitz

265 982 543 1063 exceptis
588 981 693 1062 qui
732 989 913 1042 antea
956 981 1147 1074 ipsum
1188 982 1251 1041 in
1292 981 1581 1044 conviviis
1612 980 2034 1043 vaticinantem
2069 980 2176 1042 be·-

266 1080 450 1157 nigne
475 1084 893 1139 tractaverant.
978 1075 1185 1138 Etiam
1209 1077 1479 1157 opifices,
1516 1096 1766 1158 qnorum
1791 1075 1874 1137 ad
1895 1094 2062 1136 arma
2083 1075 2175 1136 fa-

266 1174 564 1235 bricanda
594 1173 759 1234 utilis
794 1181 888 1234 est
916 1172 1221 1245 industria,
1258 1174 1498 1246 servati,
1540 1181 1604 1234 et
1641 1174 1703 1234 in
1737 1171 1990 1234 vinculis
2027 1191 2178 1253 opus
2313 1227 2324 1238 .

264 1271 471 1332 facere
514 1271 711 1332 coacti
755 1278 911 1331 sunt.
1002 1269 1287 1349 Megallis
1330 1269 1683 1332 ancillarum
1725 1269 2002 1351 potestati
2041 1288 2176 1350 per·-

266 1368 451 1428 missa
498 1374 634 1450 post
680 1367 875 1428 varios
920 1367 1221 1428 cruciatus
1268 1387 1349 1428 ex
1398 1365 1694 1448 precipiti
1743 1384 1892 1426 saxo
1937 1363 2179 1444 dejecta

268 1463 467 1544 periit.
548 1462 917 1544 Antigene·
952 1471 1017 1524 et
1050 1461 1397 1545 Pythone-
1440 1463 1615 1524 beros
1652 1481 1790 1522 suos
1819 1461 2028 1522 Eunus
2048 1461 2176 1542 ipse

266 1559 575 1642 percussit.

352 1663 457 1718 88.
499 1654 713 1716 Sumto
750 1655 893 1716 dein
932 1653 1293 1728 diademate,
1328 1655 1658 1736 ceterisque
1693 1673 1898 1734 regum
1933 1653 2174 1733 insigni-

262 1753 401 1823 bus,
428 1751 611 1814 etiam
632 1752 1117 1815 contubernalem
1144 1771 1333 1824 suam,
1358 1759 1425 1812 et
1446 1753 1636 1833 ipsam
1661 1749 1878 1831 Syram
1911 1749 2174 1822 natione,

262 1849 539 1928 reginam
556 1848 904 1931 appellavit.
989 1847 1303 1910 Servorum
1326 1867 1406 1908 ex
1430 1847 1609 1909 variis
1629 1847 1902 1927 gentibus
1925 1847 2174 1929 promis-
2230 1863 2359 1915 Plut.
2375 1862 2436 1912 de

262 1963 445 2006 cuam
477 1944 822 2017 colluviem,
850 1946 911 2006 in
935 1945 1218 2007 bonorem
1256 1963 1383 2006 ωε
1422 1945 1666 2024 originis
1700 1943 1906 2026 Syros,
1949 1963 2014 2006 se
2037 1944 2173 2004 An-
2197 1927 2502 1996 Pythone.

262 2041 533 2101 tiochum
572 2041 773 2102 vocari
816 2041 1028 2104 voluit.
1112 2041 1215 2102 Ex
1264 2041 1337 2101 iis
1386 2042 1493 2122 qui
1514 2038 1850 2123 'prudentia
1881 2039 2176 2102 excellere
2199 2055 2352 2111 Diod.

262 2136 682 2209 credebantur,
722 2137 1088 2199 consiliarios
1124 2137 1307 2217 legit:
1350 2157 1600 2218 quorum
1633 2145 1700 2198 et
1731 2136 2000 2198 Achaeus
2039 2135 2174 2208 fuit,

268 2235 480 2314 pau-ine
508 2253 631 2296 suae
654 2252 867 2294 nomen
894 2253 1121 2313 gerens,
1146 2235 1239 2297 vir
1260 2233 1510 2296 consilio
1532 2253 1832 2315 manuque
1857 2233 2178 2316 promtissi-

268 2349 421 2390 mus.
507 2329 750 2390 Horum
774 2329 1006 2392 auxilio
1030 2330 1189 2392 intra
1206 2331 1462 2392 &iduum
1480 2331 1784 2392 bominum
1800 2329 2052 2412 amplius
2069 2348 2177 2390 sex

246 2425 461 2487 ·millia
484 2446 608 2507 quo
634 2425 829 2508 potuit
850 2411 1028 2488 m'odo
1054 2429 1325 2489 armavit.
1407 2427 1814 2490 Accesserant
1826 2425 2044 2489 deinde
2069 2425 2178 2487 alii

266 2523 489 2601 partim
529 2523 705 2584 asciis
744 2531 849 2583 aut
885 2523 1187 2584 securibus
1224 2523 1517 2595 instructi,
1560 2525 1777 2606 parlim
1817 2521 2038 2595 fundis,
2072 2531 2180 2585 aut

268 2617 548 2690 falcibus,
590 2627 701 2679 aut
734 2617 981 2680 sudibus
1020 2619 1323 2699 praeustis:
1368 2628 1541 2681 erant
1580 2629 1644 2680 et
1675 2621 1780 2700 qui
1818 2621 2180 2702 coquinariis

269 2715 531 2776 verubus
553 2734 661 2796 pro
686 2715 869 2776 hastis
896 2723 1211 2776 uterentur.
1313 2715 1471 2776 Cum
1505 2717 1599 2776 bis
1623 2717 1968 2778 excursione
1992 2715 2177 2787 facta,

266 2809 599 2892 solutisque
624 2811 842 2891 passim
874 2809 1203 2890 erg-astulis,
1242 2831 1379 2874 cum
1420 2815 1674 2892 maj0res
1695 2812 1964 2893 quotidie
1986 2814 2178 2896 copiae
2201 2821 2310 2872 Liv.
2333 2821 2471 2886 Epit-

268 2905 506 2978 flcrent,
538 2906 789 2968 castella
820 2907 1075 2988 primum
1114 2915 1179 2968 et
1210 2910 1399 2981 vicos,
1434 2928 1577 2970 mox
1608 2910 1792 2970 etiam
1825 2908 2048 2990 oppida
2071 2929 2177 2968 ex-

271 3003 581 3084 pugnabat
628 3003 1085 3085 diripiebatque.
1179 3003 1553 3066 Praetoribus
1598 3025 1834 3086 quoquc
1885 3005 2181 3066 Romanis
2201 3028 2342 3077 otoo.
2360 3041 2409 3075 v.
2431 3029 2482 3076 ε..

268 3098 551 3178 congredi
576 3119 775 3169 ausus,
800 3119 937 3160 cum
964 3099 1343 3162 multitudine
1364 3101 1539 3181 longe
1561 3102 1824 3181 superior
1837 3110 2022 3184 emet,
2049 3121 2178 3163 cre-
2201 3091 2354 3141 Diod.

270 3195 409 3256 bras
434 3195 511 3255 de
538 3196 613 3256 iis
637 3195 919 3256 victorias
944 3197 1285 3277 reportavit.

350 3285 457 3352 w.
502 3291 668 3352 Dum
692 3291 823 3352 haec
862 3301 1135 3370 aguntur,
1176 3291 1369 3354 Cleon
1404 3292 1654 3374 quidam
1685 3313 1764 3364 ex
1797 3291 2018 3354 Cilicia
2041 3313 2178 3374 quae

269 3389 433 3449 circa
482 3387 745 3449 Taurum
788 3395 879 3448 est
917 3388 1217 3460 oriundus,
1260 3390 1363 3470 qui
1406 3410 1445 3451 a
1478 3391 1732 3470 pueritia
1773 3389 1926 3450 latro
1962 3390 2178 3460 fuerat,

270 3505 409 3546 cnm
426 3493 663 3566 captus,
689 3493 753 3544 et
774 3485 835 3544 in
863 3483 1077 3546 Sicilia
1102 3484 1409 3565 pascendis
1434 3488 1711 3547 armentis
1725 3506 2010 3568 equorum
2029 3507 2180 3566 prae-

272 3581 519 3664 positus,
546 3579 783 3642 easdem
808 3589 963 3641 artes
984 3580 1087 3640 diu
1116 3583 1508 3652 exercuisset3
1554 3582 1762 3643 audita
1792 3583 1951 3642 Enni
1976 3581 2180 3642 defec-

272 3677 433 3738 tione
474 3695 886 3757 successuque,
912 3677 1157 3739 similem
1185 3677 1263 3739 ad
1302 3678 1619 3740 audaciam
1651 3677 1874 3758 adjecit
1897 3677 2178 3749 animum,

274 3774 680 3855 pei-suasisque
705 3772 1002 3833 nonnullis
1026 3793 1229 3835 eorum
1260 3775 1363 3855 qui
1394 3775 1581 3853 juxta
1608 3773 1964 3844 serviebant,
1993 3773 2182 3851 Agri-

273 3871 579 3949 gentinum
622 3889 827 3949 agrum
868 3874 933 3930 et
971 3867 1223 3931 finitima
1262 3870 1399 3932 loca
1436 3871 1711 3932 infestare
1757 3869 2183 3930 incursionibus

273 3967 473 4048 coepit.
560 3965 657 4025 Ea
680 3985 795 4036 res,
823 3967 1177 4046 quanquam
1197 3967 1555 4045 geminatum
1586 3963 1910 4048 periculum
1937 3963 2181 4024 videba-

274 4071 389 4133 tur,
436 4081 557 4122 non
600 4071 799 4122 tamen
837 4063 1069 4140 ing-rata
1110 4061 1329 4123 Siculis
1366 4061 1610 4133 accidit,
1643 4059 1996 4123 discordiam
2031 4061 2184 4121 inter

274 4157 537 4221 diversos
560 4158 942 4238 fugitivorum
968 4159 1283 4230 exercitus,
1310 4169 1373 4220 et
1396 4171 1661 4220 mutuam
1687 4157 1908 4220 exinde
1929 4157 2182 4238 pernici-

278 4275 369 4315 em
395 4251 786 4337 sperantibus.
873 4253 996 4316 Sed
1027 4275 1191 4338 spem
1222 4273 1353 4318 eam
1388 4255 1615 4318 irritam
1648 4255 1842 4316 Cleon
1878 4254 2046 4326 feeit,
2079 4255 2186 4335 qui
