3225 5242
756 606 964 657 muru
1017 604 1242 656 nxix.
1289 604 1947 657 surranum-trun.
2287 582 2469 655 4375

221 758 390 811 tecto
412 768 549 811 eum
575 768 684 811 suo
727 750 1040 831 quisquam
1083 750 1374 833 recipiat:
1416 770 1668 833 eamque
1706 768 1832 810 rem
1867 747 2141 811 consules

223 847 528 929 proposito
553 846 754 907 edicto
777 848 1184 909 consciscant?

312 950 410 1005 19.
452 943 743 1005 Omnium
787 952 956 1004 tauta
993 964 1058 1005 re
1111 944 1366 1006 turbatis
1409 943 1645 1016 animis,
1692 961 1831 1005 cum
1880 942 2141 1005 deterior

221 1060 364 1121 pars
385 1041 551 1121 vulgi
577 1040 786 1102 toliere
817 1041 1136 1103 Metellum
1160 1050 1428 1123 cuperet,
1465 1042 1610 1103 boni
1649 1044 1817 1103 cives
1856 1038 2139 1101 defende-

221 1146 382 1209 rent,
410 1146 583 1199 atrox
608 1150 908 1199 certamen
949 1140 1323 1211 imminebat,
1359 1158 1472 1199 nec
1502 1140 1613 1199 nisi
1640 1138 1960 1199 multorum
1985 1156 2141 1197 mor·

219 1234 438 1295 talium
488 1236 776 1315 sanguine
818 1236 1096 1317 urbisque
1139 1237 1324 1317 ipsius
1369 1235 1638 1317 periculo
1682 1232 2141 1314 transigendum.

223 1332 326 1393 Eo
354 1342 616 1415 tempore
643 1334 729 1401 Q.
759 1332 1127 1395 Numidicus
1165 1336 1465 1414 egregium
1495 1345 1559 1395 et
1592 1335 1813 1406 virum,
1850 1341 1917 1394 et
1946 1333 2141 1394 civem

219 1432 519 1511 praestitit.
603 1430 773 1501 Nam
799 1452 996 1512 neque
1023 1432 1100 1493 de
1135 1433 1448 1504 sententia,
1474 1452 1658 1513 quam
1698 1440 1921 1492 rectam
1958 1438 2141 1511 atque
2167 1447 2280 1498 val.
2302 1448 2445 1501 Max.

217 1526 546 1589 salutarem
569 1544 712 1589 ‘esse
753 1530 1004 1600 sciebat,
1049 1527 1361 1601 decedere,
1405 1548 1600 1610 neque
1640 1519 1922 1610 cuiquam
1958 1548 2141 1590 causa
2168 1530 2257 1629 ¹¹0¹:
2278 1518 2327 1565 ⁸·

217 1625 474 1705 periculi
499 1646 624 1687 osse
645 1627 860 1697 voluit,
887 1628 1095 1707 patriae
1121 1626 1374 1687 salutem
1401 1628 1619 1710 potius,
1646 1646 1829 1711 quam
1854 1647 2138 1709 conspec-
2162 1593 2457 1695 δοκῗὲῗτ.

217 1730 352 1783 tum
379 1723 629 1785 retinere
666 1726 932 1806 cupiens.
1016 1722 1262 1785 Gratias
1306 1725 1486 1811 igitur
1531 1744 1715 1803 agens
1753 1724 2003 1795 civibus,
2033 1726 2139 1806 qui
2161 1718 2313 1823 ἵζω
2325 1708 2473 1759 Bau».

217 1840 286 1880 se
313 1830 556 1902 paratos
593 1821 672 1883 ad
715 1823 938 1893 omnia,
981 1822 1336 1905 pugionibus
1377 1824 1559 1883 etiam
1603 1822 1884 1894 accincti,
1928 1820 2139 1883 offere·
2164 1838 2294 1887 nor.

219 1918 396 1991 bant,
423 1936 608 1998 aegros
635 1920 861 1981 animos
886 1920 1006 1980 leni
1031 1940 1294 1981 sermone
1321 1920 1663 1981 mulcebat:
1710 1918 1995 1981 ‘infinitis
2013 1940 2140 1981 mo·
2168 1903 2382 1969 APl'fn·

218 2016 318 2076 dis
343 2017 457 2077 sibi
481 2017 745 2078 futurum
792 2018 1118 2090 molestius,
1144 2018 1194 2078 si
1236 2018 1349 2078 hoc
1377 2018 1556 2078 modo
1581 2018 1939 2079 manendum
1970 2018 2031 2077 in
2057 2018 2141 2078 ci·-

219 2116 416 2191 vitate
443 2125 615 2176 esset.
701 2114 926 2196 Neque
951 2136 1091 2176 vero
1117 2136 1294 2195 grave
1321 2124 1428 2175 aut
1452 2116 1759 2196 indignum
1783 2116 2013 2197 aliquid
2040 2137 2142 2177 ac·
2170 2154 2175 2161 ·

217 2210 446 2285 cidere,
473 2214 522 2273 si
551 2210 978 2294 proficiscatur.
1063 2210 1232 2273 Nam
1263 2220 1370 2273 aut
1391 2224 1773 2274 revocaturos
1800 2234 1936 2274 eum
1960 2214 2141 2285 cives,

217 2308 272 2368 si
301 2310 718 2391 resipuissent;
762 2308 951 2369 aut-si
993 2319 1303 2390 pergerent
1343 2311 1621 2381 insanire,
1664 2311 1865 2373 ubivis
1907 2310 2139 2382 melius,
2164 2318 2303 2371 Plut.

217 2426 409 2488 quam
459 2406 569 2468 tali
617 2408 678 2466 in
724 2408 971 2468 civitate
1025 2406 1334 2467 futurum?
1417 2406 1521 2469 Ita
1571 2407 1910 2470 voluntario
1956 2408 2142 2469 exilio

217 2504 418 2563 solum
463 2512 719 2575 vertens,
768 2505 1076 2583 navigavit
1121 2503 1446 2568 Rhodum:
1510 2506 1715 2587 ibique
1757 2504 2033 2585 legendo,
2081 2514 2144 2566 et
2164 2519 2274 2571 Liv.
2299 2516 2431 2585 Epit.
2530 2504 2535 2513 ’

217 2602 457 2681 magnis
482 2599 796 2661 audiendis
819 2602 966 2662 viris
989 2620 1232 2673 vacans,
1254 2600 1536 2673 fructum,
1567 2623 1743 2682 quem
1777 2604 1912 2683 jam
1936 2622 2015 2662 ex
2043 2604 2143 2663 iis-

217 2697 364 2758 dem
389 2698 602 2759 studiis
625 2697 973 2780 praeclarum
997 2708 1262 2780 ceperat,
1281 2701 1476 2779 magis
1499 2700 1805 2781 magisque
1828 2700 2144 2761 confirma-

222 2795 334 2855 vit.
418 2794 709 2856 Profecto
754 2794 832 2856 G.
883 2784 1139 2866 Marius,
1191 2804 1260 2855 ut
1308 2796 1634 2878 plebiscito
1660 2798 2144 2880 comprehensum

217 2900 377 2963 erat,
405 2910 565 2973 aqua
590 2900 654 2953 et
676 2892 800 2971 igni
826 2890 1152 2955 interdixit.

309 2994 416 3050 20.
460 2988 557 3050 At
580 2987 908 3069 Apuleius,
944 2988 1092 3049 licet
1128 2986 1295 3049 civili
1345 2988 1669 3049 certamine
1716 2988 1930 3061 victor,
1981 2988 2144 3050 haud

217 3084 380 3147 adeo
407 3086 596 3145 multa
619 3105 698 3146 ex
725 3086 961 3165 legibus
986 3087 1107 3146 suis
1137 3078 1324 3165 egisse
1362 3086 1620 3159 videtur,
1646 3094 1909 3168 tempore
1934 3086 2141 3147 exclu-

217 3204 347 3254 sus,
389 3192 453 3245 et
491 3183 790 3263 abrogatis
830 3193 966 3266 post
1005 3203 1210 3244 necem
1251 3186 1382 3265 ejus
1422 3204 1558 3264 quae
1595 3184 1821 3245 tulerat
1856 3184 2143 3266 plurimis.
2194 3266 2199 3271 .

219 3278 437 3342 Unam
461 3302 603 3342 sane
628 3302 701 3343 eo
721 3302 876 3342 anno
895 3280 1216 3343 deductam
1239 3282 1297 3341 in
1321 3280 1562 3342 Gallias
1581 3280 1880 3343 coloniam
1906 3282 2145 3344 invenio
2168 3296 2298 3349 vau.
2318 3315 2361 3353 ι.
2377 3302 2459 3350 15.

223 3376 620 3459 Eporediam,
668 3378 726 3438 in
779 3378 1232 3458 Vagiennorum
1269 3398 1434 3458 agro.
1521 3376 1645 3439 Sed
1682 3400 1756 3441 ne
1798 3378 1860 3439 id
1903 3378 2145 3460 quidem

217 3475 512 3557 oppidum
543 3476 613 3539 L.
635 3475 902 3559 Apuleio
927 3476 1209 3555 originem
1230 3475 1444 3537 debere
1472 3486 1820 3556 argumento
1844 3485 1955 3549 est,
1984 3476 2146 3558 quod

218 3594 306 3634 ex
333 3572 501 3634 libris
529 3572 844 3655 Sibyllinis
869 3574 1177 3635 conditum
1205 3573 1519 3635 affirmant.
1605 3572 1852 3636 Nomen
1880 3574 2017 3635 inde
2036 3574 2143 3635 da-
2198 3587 2331 3638 Plin.
2352 3602 2442 3638 ιιι.

217 3680 380 3743 tum,
422 3672 584 3753 quod
626 3672 999 3753 Eporedias²
1045 3670 1218 3733 Galli
1261 3673 1450 3733 bonos
1489 3691 1778 3754 equorum
1823 3671 2146 3734 domitores
2171 3656 2254 3704 ²⁷·

218 3779 533 3841 vocarent,
562 3770 919 3852 accepimus.

277 3990 314 4039 2
347 3988 438 4041 Ita
458 4002 526 4041 ex
550 3988 694 4041 Pnn.
713 3988 946 4041 correxit
967 3988 1130 4041 Crer'.
1191 3986 1330 4041 ΕΜ.
1353 4002 1546 4057 praec.
1568 3988 1771 4047 habent
1798 3986 2107 4055 Epor-edicas.

993 4130 1366 4157 κθκκκθκ

220 4225 354 4275 loco
375 4238 530 4289 quem
555 4238 738 4289 margo
759 4224 978 4276 indicat.
1007 4226 1026 4255 ⁶
1042 4224 1157 4276 Ho-
1225 4226 1480 4289 oratione,
1499 4240 1550 4277 c.
1567 4230 1650 4277 18.
1673 4225 1895 4277 multum
1908 4222 2149 4289 exagitat

223 4292 400 4341 utine·
427 4290 842 4347 seditiosissimi:
873 4291 1046 4355 inquit
1069 4326 1084 4340 .
1102 4325 1117 4340 .
1137 4324 1155 4343 .
1227 4292 1487 4349 Clodium,
1501 4292 1612 4357 qui,
1633 4291 1815 4357 inquit.
1847 4292 1864 4320 ⁸
1883 4304 1987 4339 non
2005 4290 2149 4355 tulit,

223 4364 240 4387 ⁶
263 4369 386 4412 non.
407 4363 465 4404 ut
479 4364 624 4405 esset
643 4356 1000 4421 interdictum,
1017 4354 1158 4421 quod
1229 4364 1288 4409 ut
1305 4356 1675 4409 interdicatur.
1742 4354 1885 4409 Quid
1907 4356 2065 4422 ergo?
2088 4361 2149 4406 ut

224 4418 376 4470 ferre
396 4434 499 4475 non
517 4430 784 4484 poterant,
803 4422 1052 4478 tulerunt.
1065 4420 1160 4471 sed
1227 4420 1568 4476 interdlctum
1591 4420 1698 4475 sit.⁸
1733 4422 1879 4473 Creo.
2014 4423 2021 4429 '

227 4495 297 4537 ut
329 4484 776 4540 interdiceretur?
861 4486 935 4541 Bt
973 4484 1160 4540 eadem
