3225 5242
719 548 929 599 mnm
981 546 1262 599 nxvm.
1305 548 1959 599 surrunnuwruu.
2130 521 2139 532 '
2278 530 2457 598 4353

218 692 394 753 lenne
417 710 650 754 sacrum
676 693 736 753 in
761 692 1046 753 suburbio
1070 690 1507 752 celebrantibus
1529 690 1766 753 struxit.
1850 690 2130 751 Ceterum

213 789 281 849 id
309 798 378 849 ut
397 790 622 869 impetu
645 786 1044 860 formidabile,
1071 788 1158 854 ita
1182 808 1400 850 vanum
1425 789 1592 848 exitu
1620 787 1929 849 consilium
1954 788 2091 847 fuit.

299 892 402 947 43.
446 885 720 946 Athenio
741 885 1090 956 Macellum,
1119 884 1373 947 Punicis
1396 904 1635 966 quoque
1654 883 1829 945 bellis
1854 884 2015 945 haud
2043 884 2132 964 ig-

217 983 481 1043 nobilem
506 982 726 1055 locum,
752 984 1157 1045 communivit.
1243 982 1398 1043 Inde
1423 982 1645 1043 emissis
1664 982 2003 1063 praedouum
2028 1001 2132 1065 ca·

163 1136 170 1151 ,
216 1079 402 1141 tervis
437 1080 638 1141 omnia
660 1080 881 1141 circum
913 1080 1086 1159 longe
1126 1079 1360 1160 lateque
1399 1080 1741 1161 populatus,
1782 1098 1913 1139 eam
1948 1077 2027 1138 de
2066 1098 2131 1138 se

217 1175 444 1237 famam
469 1178 717 1250 excivit,
744 1186 814 1237 ut
837 1198 954 1239 nou
983 1177 1094 1237 nisi
1119 1177 1413 1239 consulari
1443 1176 1688 1258 imperio
1710 1174 2131 1258 opprimendus

215 1272 572 1337 crederetur.
657 1274 814 1335 Eam
851 1275 1210 1356 provinciam
1241 1273 1356 1334 Μ’.
1395 1271 1703 1353 Aquillius
1736 1273 1887 1333 inito
1912 1272 2127 1351 mag-is-
2150 1288 2305 1341 Diod.

217 1379 380 1432 tratu
422 1371 626 1433 consul
653 1371 888 1452 accepit
909 1372 964 1432 x*
1004 1372 1144 1451 quia
1167 1370 1393 1431 bellum
1429 1370 1797 1431 Cimbricum
1826 1368 2127 1430 decretum

225 1466 306 1527 C.
353 1468 572 1539 Mario,
621 1468 706 1536 Q.
734 1468 958 1529 Catulo
985 1476 1363 1549 prorogatum
1398 1469 1459 1527 in
1495 1487 1603 1528 sua
1628 1466 1933 1549 provincia
1959 1485 2128 1526 exer-

221 1567 468 1646 cituque
495 1567 802 1648 imperium
826 1567 1040 1629 fuerat.

301 1672 406 1726 44.
449 1664 640 1727 Nova
661 1666 952 1747 prodigia,
983 1686 1284 1747 novasque
1309 1663 1739 1746 expiandorum
1762 1662 2131 1723 caerimonias
2152 1686 2259 1737 5⁰1,
2278 1686 2399 1741 obn.

219 1781 413 1822 annus
436 1763 547 1823 iste
573 1764 803 1825 habuit.
887 1762 964 1823 In
1004 1763 1313 1825 Aventino
1337 1761 1495 1823 lacte
1522 1760 1708 1844 pluit:
1750 1760 1972 1820 ancilia
1994 1778 2130 1820 eum
2158 1783 2264 1833 Liv.
2284 1782 2418 1851 Epit.

215 1858 464 1940 strepitu
489 1868 651 1920 mota
680 1870 852 1921 suut:
898 1862 1106 1921 minori
1142 1862 1272 1921 haec
1307 1870 1524 1926 terrore
1563 1860 1847 1929 civitatis,
1886 1866 1954 1917 ut
1988 1856 2048 1915 in
2067 1876 2130 1915 re

215 1956 438 2036 saepius
461 1956 684 2017 audita.
769 1956 926 2018 Plus
959 1958 1255 2019 inusitatae
1277 1939 1680 2019 obscoenitatis
1702 1954 1980 2036 exemplo
2004 1975 2129 2016 mo-
2156 1963 2339 2029 Οδοος.

221 2053 316 2113 vit
336 2055 584 2127 animos,
613 2055 775 2136 quod
799 2076 998 2116 servus
1023 2058 1109 2124 Q.
1133 2056 1372 2117 Servilii
1399 2056 1701 2137 Caepionis
1736 2054 1923 2115 Matri
1950 2054 2135 2116 ldaeae

219 2168 286 2208 ae
333 2152 724 2231 praeciderat:
767 2152 917 2213 tales
939 2156 1074 2233 jam
1110 2153 1336 2215 fructus
1373 2153 1691 2233 incipiente
1720 2150 1895 2212 edere
1927 2152 2134 2212 Pessi-

219 2248 414 2307 nuntii
450 2250 774 2311 saeerdotis
809 2250 870 2310 in
907 2251 1114 2311 urbem
1146 2251 1425 2312 adventu.
1511 2249 1733 2310 Servus
1758 2268 1836 2311 ex
1862 2270 2136 2331 responso

217 2342 596 2425 haruspicum
623 2355 782 2406 trans
809 2367 969 2407 mare
989 2356 1342 2429 exportatus
1365 2356 1475 2419 est,
1494 2365 1569 2406 ne
1587 2366 1849 2427 unquam
1866 2344 2133 2406 Romam

219 2450 625 2502 reverteretur.
709 2442 876 2503 Urbs
907 2442 1175 2505 lustrata.
1261 2442 1466 2526 Capra
1487 2444 1768 2505 cornibus
1794 2442 2135 2503 ardentibus

219 2554 332 2616 per
353 2538 561 2597 urbem
583 2538 790 2611 ducta,
813 2548 984 2619 porta
1003 2538 1228 2601 Noevia
1246 2540 1482 2611 emissa,
1509 2539 1857 2620 relictaque.

303 2638 406 2693 45.
450 2632 617 2695 Inter
641 2636 772 2695 haec
810 2636 1070 2698 Cimbris
1101 2644 1246 2696 noto
1285 2636 1492 2697 itinere
1518 2655 1623 2717 per
1652 2634 1913 2709 Noricas
1934 2634 2131 2716 Alpes
2186 2642 2293 2693 Liv.
2321 2644 2451 2710 Epic.

218 2729 284 2787 in
311 2726 558 2790 Italiam
593 2733 910 2813 irrumpere
943 2733 1317 2805 conantibus,
1345 2732 1429 2800 Q.
1458 2731 1737 2803 Catulus,
1761 2752 1835 2792 ne
1860 2731 2131 2792 custodia
2152 2708 2287 2825 {¹¹2}-
2300 2726 2386 2759 ¹¹¹·
2406 2710 2457 2763 ⁸·

221 2823 486 2885 locorum
520 2826 774 2908 plurium
804 2827 1098 2889 divideret
1133 2830 1360 2910 copias,
1391 2828 1663 2889 deductis
1689 2828 1950 2909 undique
1977 2848 2127 2909 prae·
2154 2840 2285 2891 Mar.
2305 2855 2352 2889 e.
2374 2842 2457 2889 ³6.

219 2920 388 2981 sidiis
399 2922 552 3004 juga
575 2924 861 2984 montium
888 2923 1146 2985 deseruit
1171 2945 1188 2988 z
1233 2933 1302 2985 ut
1328 2925 1388 2985 in
1427 2924 1659 2985 Carnos
1692 2944 2005 3005 regressus,
2032 2923 2129 2983 A·

211 3016 404 3077 ‚thesis
443 3016 700 3079 fluminis
731 3020 974 3100 objectu
1008 3020 1237 3082 hostem
1275 3004 1621 3092 moraretur,
1658 3021 1865 3082 castris
1899 3021 1957 3081 in
1984 3022 2128 3082 cite-

220 3113 374 3174 riore
399 3114 544 3195 ripa,
559 3116 781 3197 positis.
853 3117 1006 3177 ·Pro
1045 3115 1264 3177 Athesi
1296 3116 1481 3178 fluvio
1510 3117 1878 3178 Plutarchus
1917 3116 2129 3178 Atiso-
2188 3134 2408 3187 Foeinsh.

220 3228 360 3269 uem
387 3212 594 3291 ponit:
636 3212 814 3293 idque
839 3212 1016 3273 hodie
1038 3212 1180 3273 viris
1203 3212 1448 3273 eruditis
1473 3213 1710 3295 placere
1733 3213 1929 3274 video.
2006 3211 2131 3273 Sed
2157 3200 2289 3251 Ποῖ·

221 3325 418 3386 neque
461 3305 778 3369 Atlsonem
817 3318 976 3371 recte
1014 3329 1119 3392 pro
1158 3308 1458 3371 Natisone
1504 3311 1792 3371 nominari
1834 3332 1964 3371 reor
1986 3320 2030 3372 ε*
2070 3320 2133 3374 et

288 3460 320 3491 ⁵
355 3461 422 3511 Α.
445 3462 515 3513 U.
538 3463 600 3514 C.
620 3468 737 3515 ⁶51.
806 3464 870 3516 Α.
893 3467 956 3518 C.
977 3470 1091 3520 101.
1216 3466 1404 3519 Catulo
1419 3466 1545 3516 vleti
1565 3473 1709 3528 aunt,
1728 3480 1832 3516 non
1852 3474 2133 3531 pugnatam

288 3534 318 3570 Ι
341 3526 446 3577 Sed
465 3543 614 3591 aeque
633 3530 882 3580 Atium
905 3536 1034 3591 reete
1049 3546 1138 3595 pro
1217 3546 1334 3583 ease
1365 3530 1432 3582 ad
1465 3530 1727 3594 Athesim,
1756 3541 1816 3582 ut
1850 3546 1969 3597 quo
1993 3533 2133 3597 apud

221 3590 461 3641 Natisone
493 3594 732 3644 wainart·
764 3596 896 3659 rm]
944 3596 1136 3647 Natiso
1217 3598 1506 3659 Vercellas,
1528 3596 1959 3660 quemadmodum
1996 3598 2135 3650 infra

218 3662 309 3705 eat
330 3657 616 3707 amniculns
641 3674 802 3723 prope
823 3658 1138 3725 Aquileiam.
1218 3661 1448 3719 dicetur,
1476 3676 1526 3711 c.
1550 3666 1637 3712 67.
1656 3664 1931 3713 commissa
1952 3670 2011 3713 et
2040 3663 2133 3714 de-

222 3720 332 3770 Sed
369 3721 522 3771 alium
548 3721 820 3773 Atiaonem
851 3725 1136 3776 doctissimi
1217 3736 1364 3777 creta
1411 3726 1501 3791 ait.
1591 3727 1783 3777 Verum
1828 3726 1981 3776 iidem
2027 3742 2132 3779 non

218 3785 432 3850 quidam
446 3790 724 3852 geographi
737 3791 1137 3857 memorant,qui
1219 3792 1350 3842 aatla
1403 3790 1695 3843 attendiaae
1738 3792 1997 3852 videntur,
2046 3792 2134 3844 hie

220 3848 408 3899 influat
427 3852 481 3901 in
501 3854 674 3903 laeum
689 3854 1137 3917 Verbanum,dic-
1221 3856 1311 3905 nbi
1339 3855 1683 3917 Plutarchus,
1714 3855 1913 3911 Livius,
1936 3856 2134 3921 Florus,

222 3922 312 3965 tua
345 3914 499 3965 hodie
527 3918 578 3967 la
616 3920 766 3969 Tm.-
798 3934 1018 3984 eumque
1055 3921 1139 3971 hic
1219 3918 1431 3970 fluvium
1463 3919 1608 3969 illum
1632 3920 1918 3976 nominant,
1940 3921 2005 3970 de
2029 3936 2133 3987 quo

219 3981 449 4045 intelligi
465 3981 660 4035 debere
675 3985 994 4037 existimant.
1029 3984 1140 4035 Ho-
1220 3998 1360 4036 nune
1393 3986 1610 4049 agimus,
1642 3998 1743 4034 non
1776 3984 1915 4050 loqui
1948 4000 2043 4035 eoa
2064 3986 2133 4037 do

221 4058 340 4095 rum
375 4048 600 4097 ratione·
622 4050 838 4111 exponit
858 4058 1017 4115 atque
1041 4052 1138 4101 eti·
1219 4050 1410 4115 insigni
1431 4050 1517 4099 illa
1532 4064 1729 4115 pugna,
1746 4050 1839 4100 aed
1858 4050 1924 4099 de
1942 4050 2133 4101 Catulo

145 4141 154 4147 -
223 4124 310 4160 am
341 4108 548 4161 firmare
585 4113 773 4162 nititur
812 4114 892 4163 vir
927 4116 1138 4165 immen—
1223 4116 1505 4166 recedente
1559 4128 1737 4165 coram
1784 4115 2025 4176 Cimbris,
2076 4123 2133 4167 et

225 4190 300 4225 aa
320 4178 630 4227 eruditionis
655 4178 856 4228 Bruaen
881 4181 931 4230 la
955 4180 1138 4229 Marti·
1221 4195 1316 4243 per
1337 4178 1562 4230 flumini·
1595 4179 1793 4244 objecti
1825 4194 2015 4230 moram
2039 4195 2131 4230 eoa

223 4240 375 4291 niere
409 4242 464 4290 in
497 4256 592 4291 sno
635 4244 959 4294 Dietionario
998 4246 1140 4295 Geo-
1221 4245 1492 4294 retardare
1505 4253 1745 4294 conante.
1784 4244 1939 4294 Atiao
1956 4252 2131 4295 autem

225 4305 499 4370 graphica,
539 4321 668 4357 voce
707 4310 864 4359 Atini:
891 4317 948 4360 et
979 4310 1140 4360 Atiae.
1221 4311 1330 4369 ille,
1351 4310 1438 4375 qui
1464 4310 1514 4358 in
1537 4309 1840 4359 Verbanum
1858 4308 2027 4358 lacum
2052 4311 2129 4359 in·

223 4372 299 4421 Et
343 4372 477 4421 bena
528 4372 738 4436 quidem
793 4375 869 4423 illi
921 4376 1142 4436 probant
1221 4372 1355 4431 fluit.
1385 4374 1591 4437 longina
1622 4375 1787 4425 distat
1818 4373 1884 4424 ah
1909 4374 2133 4451 Alpibus

227 4450 470 4503 pugnam,
492 4451 594 4503 qua
617 4438 816 4491 Cimbri
838 4454 870 4491 a
891 4440 1062 4491 Mario
1085 4448 1140 4491 et
1222 4439 1330 4492 aive
1355 4440 1402 4492 N
1409 4439 1582 4505 oficio,
1603 4440 1714 4491 aive
1736 4439 1891 4491 etiam
1912 4438 2131 4491 Triden-
