3225 5242
714 582 891 651 230⁰
1668 606 1738 655 ·r.
1788 605 1980 653 mvn

1035 748 1190 807 runt.
1297 744 1521 809 Eorum
1571 748 1867 809 nonnullis
1916 750 2317 810 controversia
2362 748 2442 809 de
2476 751 2615 829 jure
2662 746 2939 829 triumphi

925 852 930 857 ’
1038 851 1201 907 mota
1224 852 1350 903 est:
1381 843 1667 905 interdum
1690 866 1793 927 per
1812 845 2171 919 calumniam
2192 867 2210 915 3
2238 857 2420 928 saepe,
2438 846 2581 926 quia
2605 846 2943 927 probabiles

743 942 858 992 Vul.
875 942 1012 992 Max.
1038 958 1234 999 causae
1261 951 1451 1013 erant,
1471 960 1577 1000 cur
1595 941 1900 1021 negandus
1920 941 2037 1001 illis
2052 950 2256 1003 tantus
2279 942 2466 1003 honos
2478 940 2797 1003 videretur.
2858 940 2941 1001 P.

709 1012 850 1121 ”13⁰
1041 1034 1339 1097 Africano
1363 1046 1498 1119 post
1521 1047 1899 1119 recuperatas
1944 1037 2299 1119 Hispanias,
2346 1038 2441 1099 M.
2481 1036 2775 1099 Mai-cello
2812 1040 2944 1119 post

710 1150 918 1184 xxvm.
935 1140 1017 1187 38.
1037 1140 1248 1212 captas
1273 1132 1621 1214 Syracusas,
1651 1134 1721 1194 L.
1750 1133 2007 1195 Iaentulo
2032 1145 2165 1215 post
2196 1154 2291 1196 res
2326 1136 2388 1197 in
2418 1134 2723 1216 Hispania
2748 1143 2945 1213 gestas

711 1204 1022 1317 }{{{‘²{0⁰‘
1040 1241 1286 1309 neg-alm
1321 1232 1651 1312 triumphus
1684 1241 1811 1301 επις
1851 1233 2030 1312 quia‘³
2068 1234 2359 1311 majorum
2394 1232 2653 1292 moribus
2680 1233 2941 1311 ignotum

1037 1338 1189 1399 erat,
1216 1350 1352 1389 eum
1375 1330 1480 1411 qui
1515 1350 1706 1411 neque
1731 1328 2007 1403 dictator,
2036 1350 2229 1412 neque
2260 1332 2489 1403 consul,
2516 1350 2707 1413 neque
2732 1339 2947 1413 praetor

737 1426 1005 1481 Van-Max·
1039 1444 1132 1485 τι·
1162 1428 1454 1505 gessisset,
1493 1428 1875 1510 triumphare.
1958 1428 2125 1489 Aliis
2168 1429 2473 1509 objectum
2510 1438 2625 1499 est,
2666 1426 2745 1489 cb
2791 1427 2949 1488 levia

1040 1523 1248 1603 praelia
1293 1526 1655 1606 triumphum
1696 1546 1799 1586 eos
1840 1534 2075 1606 petere:
2128 1526 2443 1597 nonnullis,
2482 1535 2553 1587 ut
2600 1526 2686 1594 Q.
2734 1524 2948 1592 Fulvio

1037 1620 1266 1703 Capua
1283 1631 1486 1704 capta,
1514 1632 1582 1683 ut
1609 1621 1680 1684 L.
1706 1624 1951 1704 Opimio
1977 1642 2160 1705 nuper
2184 1621 2473 1703 Fregellis
2496 1624 2769 1705 receptis,
2790 1622 2950 1703 quod

717 1692 962 1811 xlx‘iairm.
1037 1728 1268 1782 numm
1294 1730 1737 1803 recuperassent
1762 1723 2002 1795 amissa,
2028 1722 2175 1782 nihil
2222 1740 2393 1783 novoe
2428 1722 2672 1783 ditionis
2704 1722 2949 1803 imperio

706 1825 792 1874 ⁴4.
1041 1816 1244 1899 populi
1265 1816 1530 1879 Romani
1557 1818 1928 1897 adjecissent.
1993 1819 2065 1880 L.
2095 1819 2395 1880 Manlium
2420 1820 2595 1881 victis
2614 1818 2947 1900 Gallograe-

1037 1916 1146 1986 cis,
1173 1936 1278 1997 per
1319 1915 1487 1977 illam
1525 1935 1766 1977 causam
1794 1916 2077 1999 repellere
2113 1918 2337 1977 inimici
2375 1916 2746 1988 studuerunt,
2786 1918 2947 1998 quod

1037 2014 1200 2075 illius
1251 2014 1432 2097 culpa
1487 2016 1707 2082 multos
1764 2017 1983 2096 perisse
2038 2014 2351 2076 Romano-
2388 2015 2628 2088 milites,
2676 2017 2949 2096 virosque

1037 2110 1270 2192 aliquot
1325 2113 1592 2193 egregios
1640 2112 1945 2173 dicerent:
2009 2112 2287 2194 quodque
2334 2112 2574 2194 populis
2621 2112 2761 2187 illis,
2813 2132 2949 2174 cum

1038 2211 1298 2271 nondum
1328 2209 1588 2291 judicati
1612 2210 1811 2271 hostes
1835 2221 2053 2285 esseut,
2080 2211 2309 2273 bellum
2339 2210 2601 2272 fecioeet.

1121 2314 1218 2369 13.
1263 2292 1294 2343 ἶ
1313 2307 1391 2368 In
1431 2329 1525 2369 me
1559 2308 1706 2389 quid
1732 2310 1939 2369 horum
1962 2309 2129 2389 argui
2154 2318 2370 2390 potest,
2396 2306 2705 2375 Quirites?
2787 2306 2949 2367 Con-

1035 2404 1155 2477 sul,
1202 2403 1418 2465 deinde
1463 2414 1779 2487 prorogato
1824 2406 2097 2487 imperio,
2140 2407 2313 2484 jussu
2339 2413 2553 2466 >vestro
2602 2424 2676 2465 ac
2718 2412 2953 2465 senatus

1035 2502 1260 2563 bellum
1298 2522 1436 2563 cnm
1473 2501 1771 2582 Jugurtha
1806 2504 1992 2582 gessi:
2036 2504 2383 2563 acerrimum
2422 2502 2671 2573 hostem,
2712 2502 2951 2561 nostris-

1037 2619 1155 2679 que
1191 2601 1352 2660 vitiis
1376 2610 1438 2659 et
1469 2620 1580 2660 sua
1603 2600 1821 2660 virtute
1846 2598 2302 2671 formidabilem,
2330 2600 2560 2678 magnis
2598 2590 2818 2681 praeliis
2854 2596 2950 2659 cess

1033 2695 1195 2755 cidi:
1225 2697 1398 2756 urbes
1421 2695 1653 2777 amplas
1679 2696 2133 2777 opulentusque,
2159 2706 2222 2757 et
2246 2696 2395 2757 alias
2418 2698 2535 2756 situ
2560 2696 2951 2778 operibusque

1037 2798 1100 2853 et
1136 2792 1420 2873 presidiis
1455 2794 1869 2853 munitissimas
1900 2794 2070 2874 cepi:
2104 2792 2470 2874 provinciam
2511 2792 2599 2851 ita
2624 2792 2953 2853 ,successori

1038 2888 1282 2961 tradidi,
1322 2898 1390 2950 ut
1414 2891 1606 2950 minus
1644 2891 1703 2949 in
1742 2890 2203 2951 consummanda
2226 2889 2475 2951 victoria
2498 2888 2741 2961 laboris,
2769 2908 2950 2969 quam

1036 3005 1150 3065 ego
1168 2986 1354 3045 habui
1381 2986 1440 3046 in
1469 2986 1824 3059 inchoanda,
1846 2987 1926 3047 sit
1948 2986 2293 3046 habiturus:
2336 3004 2527 3067 eaque
2552 2984 2751 3046 omnia
2776 2986 2952 3064 gessi,

1037 3083 1306 3143 exercitu
1337 3084 1644 3155 incolumi,
1666 3092 1871 3144 senatu
1894 3082 2250 3163 gratulante,
2270 3084 2443 3144 vobis
2466 3102 2581 3143 non
2610 3076 2952 3153 illaudatus,

1039 3180 1244 3238 aerario
1272 3199 1388 3239 non
1417 3200 1711 3241 onerosus.
1757 3178 1925 3240 Nam
1942 3188 2004 3240 et
2016 3198 2151 3239 eam
2166 3180 2227 3239 iu
2249 3180 2499 3260 imperio
2526 3179 2953 3241 continentiam

1039 3275 1310 3355 praestiti,
1336 3297 1516 3356 quam
1553 3296 1789 3356 aequurn
1830 3286 1957 3337 erat
1982 3277 2061 3337 ab
2085 3296 2158 3335 eo
2193 3276 2511 3357 praestari,³
2540 3276 2645 3356 qui
2670 3284 2731 3335 et
2754 3294 2953 3337 caram

1041 3371 1290 3431 haberet
1315 3372 1496 3431 animi
1517 3374 1854 3443 sanitatem,
1875 3384 1939 3433 et
1954 3383 2149 3433 vestra
2163 3370 2401 3453 judicia
2418 3380 2660 3453 cuperet
2684 3374 2955 3433 retinere.

1045 3466 1250 3532 Quam
1275 3468 1434 3527 enim
1468 3488 1580 3547 ego
1610 3469 1923 3529 colendam
1968 3490 2093 3529 esse
2120 3469 2416 3548 justitiam
2456 3470 2955 3551 persuasissimum

1045 3562 1250 3635 habui,
1271 3565 1500 3624 etiamsi
1527 3585 1700 3625 nemo
1725 3564 2047 3637 hominum,
2074 3585 2267 3646 neque
2293 3566 2802 3626 animadversurus
2824 3584 2956 3626 eam

1177 3732 1208 3779 8
1245 3730 1368 3781 Nou
1391 3740 1657 3799 comparet
1678 3734 1776 3783 hoc
1801 3732 2013 3783 verbum
2032 3732 2256 3797 presto-i
2277 3732 2329 3783 in
2352 3732 2477 3784 edd.
2505 3740 2629 3783 autc
2652 3732 2810 3785 Crev.

1903 3865 1991 3885 000
1998 3866 2169 3886 000000

849 3914 866 3949 ⁰
1116 3959 1138 3985 θ
1175 3950 1248 4001 Μ.
1271 3951 1502 4001 Marcello
1524 3986 1537 4000 .
1555 3984 1598 4003 ..
1614 3987 1630 4005 .
1648 3963 1853 4015 negatus
1874 3952 1966 4003 tri-
2046 3953 2261 4019 proinde
2284 3968 2387 4004 non
2412 3961 2621 4021 poterat
2652 3952 2719 4005 ob
2740 3968 2855 4005 eam
2880 3968 2961 4004 rs-

1050 4016 1351 4079 uram-west,
1373 4016 1510 4079 quia]
1531 4018 1620 4068 Ita
1636 4018 1844 4083 quidem
1862 4018 1964 4068 Va·
2044 4020 2237 4069 tionem
2288 4020 2361 4069 illi
2415 4022 2593 4083 negari
2648 4020 2955 4084 triumphus,

1053 4081 1211 4129 letius
1230 4081 1503 4137 Maximus,
1523 4084 1611 4132 sed
1633 4089 1813 4133 contra
1832 4083 1967 4133 Livii
2046 4086 2183 4149 quod
2227 4084 2337 4134 siue
2382 4088 2689 4149 magistratu
2728 4100 2809 4133 res
2844 4100 2959 4149 ges·

1057 4151 1111 4195 et
1135 4145 1402 4195 Plutarchi
1419 4146 1830 4212 fidem,qnorum
1848 4164 1968 4198 snc-
2046 4150 2216 4198 sisset·
2297 4148 2441 4199 Aliss
2492 4148 2721 4200 afferunt
2773 4164 2957 4200 causas

1057 4211 1242 4259 toritas
1285 4212 1436 4274 longe
1479 4212 1655 4275 'potior
1704 4220 1803 4263 est.
1888 4214 1971 4263 Ex
2049 4215 2246 4275 Livius,
2266 4212 2547 4265 Lxxvnc.
2568 4215 2881 4267 21.etP1ut.
2906 4216 2957 4265 iu

1057 4284 1283 4338 utroque
1319 4284 1526 4327 constat
1563 4278 1875 4328 Marcellum
1915 4280 1968 4328 in
2047 4280 2321 4329 Marcello.
2386 4279 2449 4329 Ei
2494 4287 2668 4331 tamen
2706 4292 2958 4331 concessu

1053 4340 1284 4391 Siciliam
1341 4344 1606 4392 consulem
1675 4342 1971 4407 profectum
2050 4347 2225 4395 ovatio
2248 4352 2350 4403 est,
2384 4351 2443 4395 nt
2466 4352 2522 4395 et
2548 4346 2607 4398 L.
2632 4346 2871 4403 Lentulo,
2888 4347 2955 4395 de

1059 4418 1195 4467 esse,
1232 4413 1285 4455 et
1309 4416 1588 4471 prorogato
1610 4422 1677 4457 ex
1699 4410 1969 4459 consulatu
2050 4424 2150 4473 quo
2173 4424 2291 4460 mox
2316 4410 2512 4460 mentio
2543 4410 2619 4466 fit.
2686 4411 2805 4461 vid.
2846 4411 2956 4462 Lir,

1059 4469 1277 4535 imperio
1297 4470 1580 4535 Syracusas
1601 4472 1821 4539 cepisse.
1888 4474 1969 4525 Ac
2047 4488 2213 4527 xxxi.
2234 4480 2317 4526 20.
2354 4476 2498 4525 Cres.
