3225 5242
1716 542 1789 591 Τ.
1836 540 2033 592 mvn

1077 683 1260 745 nister
1299 682 1560 755 aderam,
1592 702 1719 765 quo
1758 692 2025 766 tempore
2050 684 2423 765 (quanquam
2458 684 2803 763 gravissimo
2824 682 2989 745 hello

1077 780 1408 862 implicata,
1441 780 1588 841 nihil
1630 782 1883 860 negotiis
1916 770 2283 861 detraheret)
2310 780 2643 843 incredibili
2682 781 2889 843 ardore
2926 790 2989 842 et

1025 934 1050 957 .,
1078 879 1366 939 felicitate
1391 878 1616 957 ingenii
1652 878 2041 940 eruditionem
2073 878 2290 960 rapuit,
2320 877 2681 959 Latinosque
2718 888 2783 939 et
2808 877 2987 940 Grn-

787 2328 920 2379 Plut.
937 2328 1001 2379 de

748 2392 816 2444 Is»
839 2404 891 2443 et
922 2394 1053 2447 Osir-

751 2473 799 2507 ε.
826 2463 906 2511 19.

751 2520 903 2574 Diod.
923 2540 998 2576 ιν.

1075 995 1180 1036 cos
1195 975 1504 1055 scriptores
1525 974 1905 1047 celebriores,
1918 976 2025 1056 qui
2040 983 2299 1036 nostram
2320 974 2401 1037 ad
2426 984 2665 1037 oetetem
2680 977 2989 1057 pervenire

1076 1078 1415 1152 potuerunt,
1442 1071 1755 1152 plerosque
1780 1090 1985 1132 omnes
2006 1071 2254 1133 evolvit.

1157 1174 1261 1232 47.
1306 1166 1616 1242 Ceterum,
1649 1178 1937 1250 tanquam
1978 1169 2042 1229 in
2086 1168 2373 1251 principio
2420 1170 2636 1251 operis,
2676 1118 2987 1231 testificari

1079 1264 1307 1337 licebit,
1331 1284 1406 1325 eo
1431 1284 1528 1325 me
1552 1264 1847 1326 animo’ad
1872 1265 2177 1325 historiam
2198 1265 2571 1327 scribendam
2588 1264 2894 1337 accedere,
2920 1274 2991 1325 ut

1079 1362 1298 1422 nemini
1325 1361 1534 1441 legisse
1553 1382 1688 1423 eam
1703 1360 2029 1443 aliquando
2052 1360 2249 1423 standi
2267 1382 2583 1442 noxaque,
2608 1360 2713 1423 sed
2738 1361 2989 1425 utilitati

1079 1458 1276 1537 potius
1297 1466 1478 1539 atque
1503 1459 1903 1541 emolumento
1926 1458 2051 1519 fore
2074 1457 2395 1521 confidam.
2444 1458 2809 1540 Temporum
2826 1458 2989 1519 enim

1077 1542 1280 1613 eorum
1303 1556 1616 1636 scriptores
1638 1574 1863 1629 omnes,
1883 1554 2096 1617 ceteris
2113 1554 2362 1616 fortasse
2386 1555 2559 1617 rebus
2582 1554 2853 1637 quolibet
2876 1574 2986 1615 an-

1077 1653 1376 1734 tiquorum
1401 1653 1662 1726 inferior,
1704 1674 1825 1715 une
1858 1653 1986 1726 illa,
2021 1653 2127 1715 sed
2164 1652 2377 1715 eadem
2410 1672 2553 1715 sane
2586 1652 2834 1715 maximi
2858 1672 2987 1712 mo-

1076 1749 1261 1810 menti
1287 1770 1350 1811 re
1374 1760 1783 1832 superaturum
1806 1770 1931 1811 esse
1955 1750 2204 1823 ominor,
2230 1750 2393 1831 quod
2409 1750 2765 1811 Christiana
2784 1746 2985 1829 philo-

1075 1846 1301 1927 sophia
1341 1848 1656 1929 praeceptis
1688 1847 1987 1907 institutus
2032 1846 2462 1928 inherensque,
2508 1846 2709 1908 nullas
2748 1844 2989 1906 illorum

1075 1960 1259 2015 more,
1286 1943 1398 2003 sub
1425 1942 1663 2005 blandoe
1686 1942 2039 2024 eloquentiis
2064 1943 2405 2017 involucris,
2420 1945 2705 2005 exitiosas
2726 1942 2991 2007 moribus

1075 2036 1320 2099 insidias
1341 2048 1584 2101 struam.

1154 2140 1258 2196 48.
1301 2134 1462 2195 Mihi
1485 2136 1669 2206 enim,
1698 2133 2043 2197 Romarum
2068 2136 2375 2199 historiam
2390 2137 2557 2197 varie
2578 2155 2866 2217 sparsam,
2894 2145 2985 2196 at-

1075 2250 1194 2311 que
1247 2252 1404 2314 saepe
1445 2233 1508 2292 in
1549 2232 1967 2294 minutissimas
2010 2232 2333 2313 particulas
2369 2232 2681 2293 dissectam
2728 2230 2987 2293 redinte-

1077 2326 1292 2404 granti,
1315 2348 1452 2390 cum
1479 2328 1815 2410 Hippolyti
1836 2338 1902 2389 et
1922 2326 2181 2389 Osiridis
2204 2328 2427 2390 fabula
2452 2329 2835 2391 obversentur
2858 2328 2987 2389 ani-

1075 2444 1197 2497 mo,
1223 2424 1665 2487 similitudinem
1682 2424 1941 2487 Osiridis
1952 2426 2345 2507 praetulerim3
2372 2428 2470 2505 cuj
2476 2447 2545 2487 us
2566 2446 2703 2487 cum
2722 2426 2989 2487 lacerata

1075 2530 1140 2581 et
1151 2521 1402 2602 disjecta
1421 2524 1685 2586 membra
1700 2524 2137 2605 colligerentur,
2157 2523 2465 2605 pudendas
2482 2532 2678 2608 partes
2694 2518 2985 2603 nusquam

1075 2621 1470 2700 comparuisse
1497 2630 1842 2682 memorant,
1922 2620 2157 2683 Eadem
2182 2622 2327 2683 mihi
2363 2642 2547 2702 opera
2579 2611 2793 2681 sedulo
2810 2620 2985 2681 dabi-

1075 2722 1192 2786 tur,
1215 2736 1289 2777 ne
1314 2716 1462 2796 quid
1485 2719 1899 2798 superstitione
1922 2710 2222 2799 spurcum,
2244 2727 2350 2780 aut
2374 2718 2713 2779 adulatione
2738 2716 2983 2789 fedum,

1073 2821 1182 2872 aut
1205 2812 1475 2893 qualibet
1497 2816 1775 2875 vitiorum
1814 2814 1951 2875 labe
1996 2814 2363 2896 pudendum,
2388 2814 2619 2875 etiamsi
2642 2823 2711 2874 ut
2732 2812 2815 2873 ab
2850 2814 2987 2874 aliis

1072 2906 1242 2969 dicta
1280 2908 1518 2971 factave
1552 2910 1755 2971 referri
1788 2930 2089 2971 necessum
2116 2912 2265 2984 erit,
2280 2931 2374 2973 me
2400 2920 2641 2973 auctore
2666 2912 2984 2990 quisquam

1075 3014 1236 3081 amet
1258 3008 1560 3087 probetve.

1149 3110 1252 3164 49.
1297 3102 1454 3164 Cum
1481 3104 1641 3165 enim
1689 3104 2063 3165 historiarum
2106 3106 2467 3185 cognitione,
2510 3113 2737 3185 quanto
2770 3122 2983 3164 unum-

1069 3198 1348 3280 quodque
1375 3201 1677 3281 ingenium
1706 3203 2043 3282 generosius
2072 3212 2186 3275 est,
2223 3212 2391 3264 teuto
2424 3202 2830 3265 vehementius
2854 3198 2981 3261 affi-

1069 3297 1283 3368 ciatur,
1311 3296 1441 3357 fieri
1465 3306 1663 3378 potest
1686 3298 1978 3380 soletque,
2005 3309 2073 3360 ut
2096 3301 2401 3362 benevolis
2422 3301 2612 3380 magis
2630 3316 2811 3380 qnam
2836 3316 2983 3359 cau-

1071 3394 1151 3451 tis
1178 3392 1498 3454 lectoribus
1521 3395 1623 3455 hic
1650 3395 1901 3477 obrepat
1922 3416 2101 3469 error,
2130 3405 2199 3458 ut
2228 3396 2527 3476 judicium
2563 3394 2865 3477 scriptoris
2888 3414 2979 3455 se-

1069 3496 1347 3566 quantur,
1375 3490 1719 3570 priusquam
1746 3492 1859 3572 ipsi
1894 3491 1970 3553 de
1994 3492 2279 3573 scriptore
2304 3490 2751 3573 judicaverint:
2798 3510 2981 3571 appe-

997 3640 1006 3652 ,
1071 3583 1368 3664 tendaque
1410 3594 1515 3646 aut
1543 3587 1827 3648 evitanda
1864 3589 2099 3668 singule
2131 3590 2505 3662 arbitrentur,
2542 3597 2720 3670 prout
2756 3588 2837 3649 ab
2876 3588 2983 3649 illo

1070 3679 1319 3742 laudata
1342 3691 1448 3742 aut
1471 3684 1823 3763 reprehensa
1845 3704 1971 3745 esse
1994 3694 2427 3766 compererunt.
2512 3686 2713 3753 Quem
2726 3704 2983 3745 errorem

1071 3796 1230 3859 saepe
1275 3778 1505 3857 magnis
1553 3780 1863 3862 suppliciis
1909 3781 2073 3843 luere
2124 3782 2357 3861 cogitur
2407 3783 2728 3843 humanum
2776 3802 2981 3862 genus.

1073 3872 1231 3934 Cum
1272 3876 1432 3937 enim
1479 3874 1745 3956 plerique
1792 3878 2108 3957 scriptores
2157 3880 2530 3939 historiarum
2566 3878 2883 3939 ambitiosa
2920 3888 2983 3939 et

1068 3970 1335 4032 violente
1379 3973 1687 4034 modestiae
1738 3982 2017 4055 rectoque
2060 3975 2313 4036 multum
2364 3984 2750 4057 anteponant,
2790 3994 2981 4056 eaque

1075 4067 1337 4129 mirificis
1381 4071 1693 4151 praeconiis
1730 4070 2003 4143 efferant,
2048 4072 2127 4133 nd
2169 4092 2306 4152 quae
2352 4072 2619 4153 alioquin
2655 4072 2978 4133 humanum

1071 4164 1392 4243 ingenium,
1429 4167 1481 4227 si
1505 4168 1833 4248 potentiam
1872 4168 2145 4248 adjicias,
2176 4170 2355 4230 nimis
2377 4168 2641 4250 proclive
2665 4177 2789 4239 est3
2834 4169 2975 4249 quid

1076 4260 1356 4321 miramur
1391 4262 1441 4322 si
1475 4281 1550 4322 ea
1581 4262 1747 4325 facta
1782 4284 1920 4325 cum
1947 4264 2222 4326 mercede
2250 4264 2421 4339 fiunt,
2448 4284 2607 4347 qum,
2634 4284 2807 4346 poene
2829 4285 2973 4346 quo-

1081 4374 1200 4435 que
1228 4358 1572 4436 gravissima
1597 4359 1911 4441 praedicta,
1939 4361 2043 4423 vix
2068 4370 2131 4423 et
2154 4381 2310 4442 aegre
2334 4362 2783 4424 omitterentur?
