3225 5242
700 1210 817 1293 san:

705 1626 841 1678 Flor.

740 1723 905 1771 Front-

709 1787 900 1852 Strateg
902 1804 1008 1840 11111

709 1918 826 1967 Sall.

1610 501 1682 551 Τ.
1734 498 1931 549 mvn

1019 656 1129 719 est,
1155 645 1462 727 multaque
1503 642 1731 726 oppida
1766 643 1979 705 relicta
2002 662 2039 705 a
2062 644 2185 704 suis
2206 650 2564 724 patuerunt:
2606 641 2667 705 vi
2694 662 2919 726 expugu

1019 754 1164 806 nata
1187 764 1382 825 pauca
1409 753 1563 804 sunt.
1687 792 1693 812 ,
2122 768 2129 777 ·

1103 848 1204 903 21.
1250 841 1397 903 Hac
1435 840 1727 902 felicitate
1772 834 2167 921 successuque
2212 860 2405 901 rerum
2456 841 2641 901 fretus
2690 838 2920 911 consul,

1023 940 1266 1020 majoris
1287 938 1461 999 molis
1483 959 1635 1020 opus
1658 937 1857 1019 p'alam
1874 938 2237 1018 agg-reditur,
2260 938 2571 1001 castellum
2588 937 2777 999 arduo
2794 936 2925 998 loco

1023 1039 1224 1109 situm,
1257 1036 1416 1097 haud
1447 1036 1655 1118 procul
1694 1036 1991 1103 Mulucha
2027 1032 2231 1107 fluvio,
2267 1038 2371 1117 qui
2413 1036 2662 1097 Mauros
2702 1034 2926 1095 Numi-

1025 1134 1252 1215 dasque
1277 1133 1486 1195 mediis
1520 1135 1693 1216 aquis
1726 1133 2112 1194 disterminat.
2194 1133 2297 1193 Ibi
2326 1154 2463 1194 eum
2488 1152 2567 1194 ex
2592 1152 2813 1212 magna
2834 1152 2927 1192 so-v·

1025 1230 1334 1293 licitudiue
1359 1230 1596 1292 fortuna
1613 1232 1825 1310 magis,
1852 1250 2035 1311 quam
2058 1230 2371 1291 consilium
2392 1238 2499 1291 aut
2518 1232 2709 1291 virtus
2730 1228 2923 1309 expli-

1025 1329 1170 1389 cuit.
1254 1328 1410 1389 Cum
1446 1330 1606 1389 enim
1644 1329 1704 1387 in
1730 1326 2036 1387 obsidione
2062 1326 2263 1387 multis
2286 1328 2520 1398 diebus,
2548 1327 2772 1407 pudore
2800 1346 2923 1387 ma-

1027 1428 1119 1505 gis
1161 1426 1310 1485 irriti
1345 1426 1587 1506 incepti,
1626 1444 1809 1505 quam
1854 1444 1959 1504 spe
2000 1423 2299 1505 potiundi,
2336 1424 2643 1493 baesisset3
2686 1424 2930 1483 anxium

1029 1523 1232 1595 animi,
1275 1533 1338 1583 et
1375 1542 1614 1583 manere
1648 1542 1726 1582 an
1768 1522 1932 1583 abire
1972 1522 2229 1582 deterius
2286 1520 2461 1593 foret,
2514 1521 2935 1599 ambigentem,

1031 1622 1206 1682 unius
1245 1619 1558 1701 cujusdam
1603 1618 1838 1698 Liguris
1870 1634 2073 1701 opera,
2110 1638 2285 1679 casus
2328 1618 2605 1679 absolvit.
2690 1618 2758 1678 Is
2795 1636 2931 1679 cum

1033 1726 1318 1800 aquatum
1355 1736 1711 1797 progressus,
1744 1716 2023 1778 cochleas
2062 1719 2215 1777 inter
2245 1736 2397 1778 saxa
2436 1725 2706 1799 repentes
2740 1717 2937 1795 legere

1033 1816 1323 1897 caepisset,
1349 1815 1639 1895 paulatim
1674 1815 1754 1876 ad
1793 1834 2081 1875 summam
2116 1836 2321 1896 rupem
2346 1816 2541 1875 enisus
2564 1823 2691 1874 est:
2734 1834 2939 1895 repet-⁶·

1033 1924 1212 1995 toque
1239 1915 1299 1972 in
1337 1908 1572 1973 castelli
1597 1902 1921 1995 'planitiem'
1958 1914 2147 1986 aditu,
2190 1913 2409 1973 nemini
2444 1913 2625 1983 visus,
2668 1910 2833 1993 quod
2874 1912 2933 1971 in

1035 2012 1262 2071 hostem
1287 2012 1520 2071 obversi
1547 2020 2009 2093 propugnatores
2032 2010 2229 2071 locum
2272 2010 2464 2083 illum,
2490 2019 2560 2069 ut
2586 2027 2825 2091 prorsus
2844 2010 2930 2068 iu-

1036 2128 1357 2179 accessum,
1375 2108 1689 2170 .cust0dire
1724 2107 2128 2188 neglexerant,
2155 2124 2279 2169 rem
2307 2108 2387 2169 ad
2416 2108 2677 2169 Marium
2698 2104 2937 2169 detulit.

1039 2206 1272 2266 Marius
1293 2205 1694 2267 velocissimos
1706 2207 1763 2265 ei
1784 2205 2022 2277 milites,
2044 2226 2181 2267 cum
2196 2206 2639 2267 centurionibus
2662 2214 2936 2287 quatuor,

1035 2322 1114 2362 ex
1142 2306 1302 2365 omni
1327 2324 1570 2365 numero
1593 2304 1953 2365 cornicinum
1988 2313 2051 2363 et
2093 2304 2425 2381 tubicinum
2461 2303 2705 2363 levitate
2729 2322 2945 2383 corpo-0

1039 2421 1170 2461 rum
1194 2410 1540 2483 praestantes
1562 2404 1831 2483 quinque
1874 2401 2185 2482 adjungit:
2226 2420 2463 2481 quoque
2500 2402 2691 2479 magis
2722 2400 2941 2460 obsessi

994 2574 1004 2583 ἱ
1043 2517 1082 2558 a
1128 2518 1300 2559 sensu
1341 2500 1426 2558 rei
1471 2506 1815 2570 avocentur,
1864 2518 1983 2578 qua
2014 2506 2181 2579 parte
2231 2518 2576 2580 oppugnare
2628 2496 2945 2557 castellum·

723 2897 892 2948 Front-
913 2937 918 2941 .

723 2996 839 3071 Sall.

1041 2603 1446 2665 consueverat,
1473 2597 1701 2675 majore
1726 2614 1906 2676 quam
1930 2604 2109 2655 antea
2130 2595 2386 2654 tumultu
2410 2595 2533 2656 vim
2560 2602 2838 2655 ostentat.

1121 2700 1226 2753 22.
1269 2692 1520 2753 Interim
1548 2692 1651 2773 qui
1674 2692 1890 2753 delecti
1916 2693 1997 2752 ad
2036 2692 2099 2751 id
2126 2692 2423 2771 negotium
2448 2691 2703 2764 fuerant,
2728 2692 2941 2773 partim

1045 2788 1238 2868 adjuti
1264 2790 1341 2850 ab
1370 2790 1608 2869 Ligure,
1650 2792 1867 2871 partim
1904 2790 2137 2872 laqueis
2156 2789 2233 2851 ad
2254 2790 2643 2871 prominentia
2666 2809 2819 2850 saxa
2838 2789 2941 2849 ad-

1035 2887 1220 2966 jectis
1257 2886 1575 2959 sublevati,
1615 2886 1971 2967 quandoque
2008 2886 2199 2947 clavis
2233 2886 2387 2947 inter
2421 2886 2749 2967 praecipitia
2772 2886 2943 2946 susti-

1049 2982 1324 3044 nentibus
1345 2983 1615 3065 gradum,
1643 3002 1860 3061 magno
1892 2982 2122 3054 labore,
2158 3002 2279 3063 quo
2316 2983 2715 3053 intenderant,
2740 3002 2943 3063 perve-

1049 3088 1279 3140 nerunt.
1363 3078 1548 3147 Quod
1575 3078 1679 3139 ubi
1702 3088 2083 3159 conspectum
2108 3080 2257 3139 certi
2281 3080 2547 3139 homines
2574 3078 2775 3139 Mario
2798 3097 2945 3139 nun-

1049 3178 1294 3248 tiarunt,
1321 3177 1660 3237 cohortatus
1702 3175 1942 3247 milites,
1978 3176 2219 3257 procedi
2248 3185 2421 3235 extra
2450 3176 2675 3246 vineas,
2716 3180 2944 3257 promo-

1049 3273 1174 3332 veri
1219 3272 1573 3332 testudinem
1613 3291 1633 3341 3
1701 3275 2033 3343 tormentis,
2084 3273 2335 3351 sagittis,
2385 3272 2723 3351 glandibus,
2769 3290 2947 3352 quam

1053 3368 1565 3455 tumultuosissime
1587 3376 1806 3450 potest,
1826 3369 2031 3450 impeti
2053 3370 2247 3429 hostes
2252 3370 2452 3449 jubet.
2512 3368 2619 3428 Illi
2644 3388 2750 3449 pro
2774 3368 2951 3429 muris

1057 3464 1343 3545 intrepide
1383 3458 1598 3544 agere,'
1622 3484 1905 3546 pugnare,
1930 3466 2104 3527 simul
2129 3466 2428 3528 ferocibus
2450 3464 2625 3527 dictis
2650 3467 2951 3546 increpare

1059 3558 1423 3633 Romanum,
1451 3582 1630 3642 quem
1654 3562 2045 3642 superioribus
2068 3560 2279 3622 diebus
2314 3582 2473 3643 saepe
2496 3562 2786 3643 corruptis
2810 3582 2951 3643 ope-

1057 3658 1218 3717 ribus
1243 3657 1598 3739 repulerant.
1682 3657 1805 3718 Sed
1850 3658 2121 3718 celeriter
2158 3660 2217 3719 in
2257 3660 2580 3721 maximam
2616 3666 2951 3721 consterna-

999 3776 1006 3787 ·
1057 3754 1276 3815 tionem
1303 3774 1474 3815 versa
1495 3754 1721 3815 fiducia
1742 3763 1871 3814 est:
1912 3774 2051 3816 cum
2086 3763 2325 3837 repente
2366 3775 2405 3816 a
2440 3764 2606 3835 tergo
2642 3756 2950 3817 classicum

740 4062 907 4111 Front-

661 4162 672 4167 “
739 4160 858 4210 Sall.

1061 3852 1276 3924 audiri,
1299 3852 1727 3933 mulierumque
1753 3860 1819 3912 et
1851 3870 2185 3932 puerorum,
2216 3852 2433 3915 deinde
2460 3854 2706 3915 aliorum
2734 3855 2840 3933 qui
2864 3854 2950 3912 ri·

1060 3968 1188 4009 sum
1207 3948 1351 4027 quid
1376 3956 1528 4009 esset
1551 3949 1635 4008 rei
1676 3958 2096 4029 processerant,
2136 3948 2363 4011 clamor
2396 3960 2459 4010 et
2497 3950 2639 4029 fuga
2684 3950 2811 4010 fieri
2837 3970 2953 4011 coe·

1063 4045 1262 4126 pisset.
1348 4044 1443 4105 Eo
1481 4054 1745 4126 tempore
1776 4046 1980 4105 consul
2020 4066 2179 4118 usus,
2222 4066 2357 4107 cum
2392 4048 2569 4108 hoste
2586 4049 2739 4108 iutra
2764 4066 2955 4108 muros

1065 4162 1128 4202 se
1153 4141 1470 4223 recipiente
1497 4142 1725 4222 irrupit.
2174 4217 2179 4224 Ι

1148 4245 1248 4298 23.
1293 4238 1524 4297 Laetum
1549 4238 1661 4309 his,
1681 4237 1943 4321 nihilque
1958 4241 2091 4319 jam
2109 4238 2359 4301 fortunae
2374 4262 2493 4303 suae
2520 4242 2692 4303 nimis
2712 4244 2955 4305 arduum

1070 4344 1394 4416 putantem,
1422 4336 1701 4397 etiam-L.
1732 4335 1919 4417 Syllae
1945 4339 2251 4419 quoestoris
2266 4338 2577 4411 adventus,
2606 4341 2663 4400 in
2686 4362 2795 4423 spe
2819 4343 2957 4404 belli
