3225 5242
728 511 905 580 3972
1692 527 1763 578 τ.
1809 525 2000 576 mvn

1048 669 1255 752 disque
1282 669 1690 742 Callicratem,
1733 679 1936 732 notum
1963 675 2376 751 potentemque
2413 667 2677 730 amicitia
2721 667 2958 730 Roma·

1048 787 1152 839 na,
1178 767 1454 828 asciscit:
1494 767 1559 828 hi
1585 765 1921 849 perficiunt,
1945 774 2014 826 ut
2041 761 2284 846 Oro'piis
2322 765 2612 826 auxilium
2641 767 2956 847 promitta-

1048 872 1166 924 tur.
1249 862 1435 930 Quod
1458 862 1565 922 ubi
1588 862 1668 923 ad
1706 881 1996 923 summam
2021 861 2230 922 inutile
2266 860 2402 932 fuit,
2445 862 2826 922 nihilominus
2849 883 2958 942 pe-

1046 960 1285 1020 cuniam
1310 959 1389 1019 ab
1410 958 1654 1040 Oropiis
1677 959 1880 1038 exegit
1906 957 2302 1030 Menalcides,
2327 959 2560 1039 sibique
2586 959 2848 1018 retinuit.

1128 1062 1230 1118 29.
1274 1053 1457 1116 Unde
1482 1055 1712 1116 ulturus
1735 1053 2031 1115 hominem
2057 1052 2438 1125 Callicrates,
2483 1054 2800 1114 abeuntem
2827 1073 2959 1115 ma-

1048 1151 1293 1230 gistratu
1318 1150 1549 1230 legibus
1572 1171 1735 1212 reum
1759 1149 1926 1221 facit,
1969 1158 1988 1186 ‘
2007 1148 2168 1230 quod
2207 1149 2792 1212 Lacedaemoniorum
2819 1149 2958 1210 Ro-

1048 1267 1207 1308 mam
1232 1247 1484 1326 legatus,
1522 1255 1592 1307 ut
1624 1245 1900 1308 Achaion
1935 1245 2140 1308 foederi
2185 1245 2396 1307 civitas
2433 1244 2542 1307 illa
2575 1247 2956 1319 eximet-eurr,

1046 1363 1275 1404 summo
1314 1342 1509 1404 studio
1550 1342 1978 1404 contenderan'
2064 1341 2211 1403 Hoc
2243 1341 2572 1428 periculum
2615 1351 2684 1404 ut
2725 1351 2960 1404 avertat

1052 1439 1448 1512 Menalcidas,
1478 1439 1658 1500 Diaeo
1685 1437 2202 1520 Megalopolitano
2227 1439 2547 1500 successori
2571 1459 2680 1500 suo
2705 1439 2824 1500 tria
2847 1440 2960 1500 dat

1049 1553 1129 1594 ex
1158 1535 1423 1617 Oropico
1445 1536 1553 1597 illo
1577 1535 1886 1597 latrocinio
1925 1533 2178 1608 talenta,
2223 1544 2287 1595 et
2321 1537 2402 1596 ab
2441 1556 2536 1606 eo,
2575 1534 2718 1596 licet
2754 1537 2960 1598 invitis

1051 1631 1320 1706 Achoeis,
1346 1635 1611 1716 eripitur.
1696 1633 1928 1713 Magna
1948 1632 2086 1693 inde
2113 1634 2176 1692 in
2200 1633 2428 1694 invidia
2454 1631 2661 1694 Diaeus
2683 1653 2847 1694 esse:
2877 1634 2958 1695 ad

1047 1748 1231 1809 quam
1280 1729 1720 1802 excutiendam,
1767 1729 1916 1790 dum
1965 1728 2101 1789 aliis
2143 1749 2435 1810 occupare
2485 1732 2644 1790 curis
2691 1730 2962 1792 Achaeo·

1050 1829 1284 1909 quatit,
1310 1826 1618 1888 commode
1643 1826 1948 1909 Spartana
1971 1845 2036 1886 ae
2057 1826 2296 1904 negotia
2317 1825 2604 1887 obtulere.
2675 1825 2959 1909 Spartani

1051 1922 1129 1982 ad
1148 1933 1416 1984 senatum
1436 1924 1781 1986 Romanum
1801 1923 2208 2004 confugerant,
2231 1933 2363 1984 orta
2385 1923 2462 1983 de
2485 1922 2702 1984 finibus
2725 1933 2962 1985 contro·

1047 2021 1258 2082 versia.
1340 2021 1599 2082 Senatus
1634 2041 1738 2082 eos
1781 2020 1860 2081 ad
1897 2019 2218 2082 concilium
2255 2020 2614 2080 Achaeorum
2645 2024 2956 2101 rejecerat,

1050 2123 1069 2151 ‘
1100 2125 1167 2175 ut
1188 2119 1462 2179 omnibus
1486 2119 1547 2178 in
1572 2118 1768 2178 causis
1787 2117 1968 2199 ipsius
1979 2117 2216 2196 judicio
2235 2125 2560 2190 uterentur,
2574 2103 2714 2178 ‘sola
2735 2138 2958 2198 excep-

1046 2223 1113 2274 ta
1136 2214 1482 2296 capitalium
1500 2235 1694 2276 rerum
1719 2213 2094 2294 cognitione?
2179 2213 2258 2274 Id
2283 2235 2620 2295 responsum
2645 2213 2960 2275 mendacio

1051 2310 1257 2373 Diaeus
1280 2313 1627 2393 corrumpit,
1655 2322 1674 2350 ‘
1697 2313 1878 2374 etiam
1903 2311 1980 2372 de
2005 2312 2204 2392 capite
2233 2310 2668 2373 Lacedaemonii
2689 2312 2838 2373 civis
2863 2332 2959 2372 ar-

1048 2409 1291 2470 bitrium
1326 2408 1577 2470 Achaeis
1601 2411 1945 2491 permissum
1985 2429 2110 2470 esse
2127 2409 2144 2438 '
2189 2419 2570 2470 commentus.
2655 2410 2798 2476 Quo
2819 2429 2958 2470 cum

1047 2507 1137 2566 uti
1178 2505 1397 2567 Aehoei
1441 2506 1688 2584 vellent,
1717 2516 1884 2568 tanto
1917 2506 2132 2577 acrius,
2173 2505 2336 2587 quod
2375 2508 2956 2576 controvertebatun

1046 2603 1221 2664 minae
1246 2604 1521 2684 primum,
1569 2623 1713 2684 mox
1757 2623 1923 2664 arma
1960 2602 2375 2664 Lacedaemoni
2411 2604 2606 2676 illata,
2649 2603 2961 2685 profugere

1047 2699 1150 2779 qui
1164 2700 1307 2777 jura
1330 2702 1591 2763 civitatis
1614 2701 1934 2763 tuebantur
1961 2701 2224 2763 Romam
2249 2708 2586 2781 coegerunt.

1128 2802 1229 2857 30.
1274 2798 1599 2860 Mittuntur
1621 2799 1832 2860 eodem
1867 2801 1946 2859 ab
1966 2798 2216 2860 Achoeis
2242 2797 2452 2859 Diaeus
2473 2808 2537 2860 et
2560 2798 2957 2860 Callicrates:

1048 2890 1153 2952 sed
1178 2893 1293 2955 hoc
1312 2895 1521 2957 Rhodi
1546 2905 1829 2968 mortuo,t
1865 2895 2028 2956 solus
2066 2894 2276 2956 Diaeus
2316 2897 2600 2977 pervenit.
2685 2893 2819 2957 Hic
2855 2897 2960 2956 ubi

1052 2990 1111 3048 in
1140 2993 1306 3052 curia
1332 2993 1521 3054 multa
1556 2992 1838 3055 indecora
1869 2994 2185 3072 objecisset
2229 2992 2612 3068 Menalcidae,
2637 2994 2830 3054 multa
2867 2994 2960 3055 vi-

1051 3086 1247 3148 cissim
1273 3091 1353 3150 ab
1370 3091 1499 3171 ipso
1524 3091 1864 3164 audivisset,
1890 3091 2192 3151 decretum
2221 3091 2300 3150 ab
2333 3099 2540 3151 senatu
2583 3100 2696 3162 eet,
2733 3101 2752 3128 ‘
2771 3101 2841 3151 ut
2881 3091 2960 3152 ad

1040 3183 1403 3262 judicandas
1424 3207 1529 3248 eas
1552 3189 1980 3248 controversias
2006 3187 2188 3267 legati
2213 3188 2273 3247 in
2301 3187 2786 3270 Peloponnesum
2820 3191 2961 3250 mit-

758 3293 941 3345 Jundn.
1050 3285 1351 3345 *arentur-‚³
1412 3285 1697 3351 Quicum
1725 3285 1954 3346 tardius
1979 3283 2506 3366 proficiscerentur,
2527 3286 2784 3365 spatium
2807 3307 2960 3366 prze-

977 3394 993 3411 ·
1049 3379 1251 3452 buere,
1279 3401 1401 3463 quo
1439 3378 1651 3442 Diaeus
1697 3381 1983 3454 Achaeos,
2025 3381 2402 3442 Menalcidas
2435 3381 2758 3462 Spartanos
2795 3383 2964 3442 deci-

1052 3496 1188 3557 pere
1214 3486 1566 3559 potuerunt:
1610 3487 1862 3558 utroque
1887 3477 2220 3559 plenissime
2245 3476 2408 3558 quod
2423 3479 2748 3559 cupiebant
2771 3482 2960 3559 impe-

1050 3581 1267 3634 tratum
1287 3573 1565 3654 fingente.
1651 3575 1784 3636 Hic
1809 3595 1966 3636 error
1989 3574 2186 3636 denuo
2213 3575 2272 3635 in
2307 3574 2530 3635 bellum
2555 3575 2808 3656 populos
2826 3576 2966 3636 illos

1050 3670 1194 3749 egit,
1212 3691 1347 3730 cum
1363 3673 1497 3751 jam
1526 3671 1912 3733 Damocritus
1936 3682 2192 3755 praetura
2215 3670 2377 3753 apud
2394 3672 2663 3733 Achaeos
2685 3673 2960 3752 fungere-

725 3785 852 3834 rior.
870 3801 931 3836 n.
948 3790 1027 3841 16.
1050 3775 1163 3827 tur.
1248 3767 1395 3828 Hoc
1420 3777 1552 3828 erat
1574 3777 1828 3851 tempus,
1863 3790 1982 3851 quo
2018 3771 2102 3837 Q.
2133 3769 2419 3830 Metellus
2459 3769 2618 3829 victo
2660 3769 2963 3833 Andrisco

724 3851 929 3903 Pausan.
1050 3883 1141 3923 res
1162 3863 1537 3924 Macedoniae
1562 3867 1976 3947 componebat.
2061 3865 2130 3928 Is
2151 3867 2342 3927 missis
2373 3865 2523 3927 forte
2549 3866 2628 3926 ad
2669 3889 2762 3928 res
2788 3868 2962 3930 Asiae

1111 4085 1139 4122 t
1170 4077 1268 4127 Sed
1287 4077 1375 4128 hoe
1396 4077 1560 4129 Rhodi
1578 4079 1786 4142 mortuo]
1822 4081 1962 4131 Eun·
2045 4087 2174 4147 tum,
2197 4082 2301 4145 cni,
2322 4082 2494 4133 demta
2531 4098 2634 4134 una
2657 4085 2828 4144 litera,
2851 4097 2963 4134 me·

1048 4141 1187 4190 tibus
1237 4157 1270 4191 a
1327 4144 1459 4194 Pelo
1498 4159 1690 4195 cuncto
1750 4147 1962 4196 Romam
2043 4147 2155 4197 deri
2181 4162 2465 4212 possumus.
2499 4149 2722 4212 Legitur
2739 4150 2789 4198 in
2807 4149 2964 4199 Gra-

1048 4204 1288 4269 profecto
1332 4160 1545 4284 Ithodlus
1591 4211 1816 4274 petenda
1857 4226 1960 4260 non
2043 4227 2108 4262 co
2161 4213 2420 4276 scriptore
2461 4213 2586 4262 κατὰ
2637 4213 2728 4274 τὴν
2781 4213 2960 4264 Ῥόδον.

1046 4277 1147 4320 est.
1168 4335 1180 4346 ⁶
1229 4273 1561 4335 suspicamur
1602 4275 1847 4325 mendum
1893 4277 1962 4326 ir·
2045 4277 2248 4342 Nempe
2281 4279 2564 4340 scripserat
2595 4280 2685 4330 ille
2719 4279 2844 4330 κατὰ
2867 4279 2960 4340 τὴν

1048 4349 1268 4400 repauso
1312 4337 1365 4388 iu
1414 4339 1690 4390 Pausania
1747 4351 1962 4392 contex·
2042 4341 2166 4402 ἔδον,
2187 4343 2242 4392 in
2260 4343 2452 4394 itinere.
2485 4345 2641 4394 Crev-
