<?xml version="1.0" encoding="UTF-8"?>
<!DOCTYPE html PUBLIC "-//W3C//DTD XHTML 1.0 Transitional//EN"
    "http://www.w3.org/TR/xhtml1/DTD/xhtml1-transitional.dtd">
<html xmlns="http://www.w3.org/1999/xhtml" xml:lang="en" lang="en">
 <head>
  <title>
</title>
<meta http-equiv="Content-Type" content="text/html;charset=utf-8" />
  <meta name='ocr-system' content='tesseract 3.04.00' />
  <meta name='ocr-capabilities' content='ocr_page ocr_carea ocr_par ocr_line ocrx_word'/>
</head>
<body>
  <div class='ocr_page' id='page_1' title='image "./tliviipatavinih36unkngoog_0050.png"; bbox 0 0 3225 5242; ppageno 0'>
   <div class='ocr_carea' id='block_1_1' title="bbox 666 475 1942 594">
    <p class='ocr_par' dir='ltr' id='par_1_1' title="bbox 666 475 1942 594">
     <span class='ocr_line' id='line_1_1' title="bbox 666 475 1942 594; baseline 0 -2"><span class='ocrx_word' id='word_1_1' title='bbox 666 525 845 592; x_wconf 76' lang='grc'><strong>3996</strong></span> <span class='ocrx_word' id='word_1_2' title='bbox 1633 475 1704 592; x_wconf 27' lang='grc' dir='ltr'><strong>τ’.</strong></span> <span class='ocrx_word' id='word_1_3' title='bbox 1739 543 1942 594; x_wconf 71' lang='lat' dir='ltr'><strong>mvn</strong></span> 
     </span>
    </p>
   </div>
   <div class='ocr_carea' id='block_1_2' title="bbox 645 685 2981 4438">
    <p class='ocr_par' dir='ltr' id='par_1_2' title="bbox 994 685 2906 750">
     <span class='ocr_line' id='line_1_2' title="bbox 994 685 2906 750; baseline 0.002 -6"><span class='ocrx_word' id='word_1_4' title='bbox 994 693 1121 745; x_wconf 89' lang='lat' dir='ltr'><strong>tum</strong></span> <span class='ocrx_word' id='word_1_5' title='bbox 1175 688 1423 748; x_wconf 81' lang='lat' dir='ltr'><strong>avaritia</strong></span> <span class='ocrx_word' id='word_1_6' title='bbox 1466 687 1526 748; x_wconf 91' lang='lat' dir='ltr'><strong>in</strong></span> <span class='ocrx_word' id='word_1_7' title='bbox 1567 687 1866 749; x_wconf 84' lang='lat' dir='ltr'><strong>fumantes</strong></span> <span class='ocrx_word' id='word_1_8' title='bbox 1915 687 2112 750; x_wconf 82' lang='lat' dir='ltr'><strong>adbuc</strong></span> <span class='ocrx_word' id='word_1_9' title='bbox 2151 687 2352 748; x_wconf 86' lang='lat' dir='ltr'><strong>ruinas</strong></span> <span class='ocrx_word' id='word_1_10' title='bbox 2395 689 2654 748; x_wconf 85' lang='lat' dir='ltr'><strong>miserat.</strong></span> <span class='ocrx_word' id='word_1_11' title='bbox 2739 685 2906 748; x_wconf 78' lang='lat' dir='ltr'><strong>Muri</strong></span> 
     </span>
    </p>

    <p class='ocr_par' dir='ltr' id='par_1_3' title="bbox 666 781 2904 962">
     <span class='ocr_line' id='line_1_3' title="bbox 666 781 2904 866; baseline 0.001 -25"><span class='ocrx_word' id='word_1_12' title='bbox 666 784 809 836; x_wconf 77' lang='lat' dir='ltr'><strong>Oros·</strong></span> <span class='ocrx_word' id='word_1_13' title='bbox 992 781 1231 854; x_wconf 88' lang='lat' dir='ltr'><strong>deinde,</strong></span> <span class='ocrx_word' id='word_1_14' title='bbox 1278 786 1385 866; x_wconf 88' lang='lat' dir='ltr'><strong>qui</strong></span> <span class='ocrx_word' id='word_1_15' title='bbox 1424 783 1537 844; x_wconf 89' lang='lat' dir='ltr'><strong>soli</strong></span> <span class='ocrx_word' id='word_1_16' title='bbox 1568 793 1992 857; x_wconf 85' lang='lat' dir='ltr'><strong>remanserant,</strong></span> <span class='ocrx_word' id='word_1_17' title='bbox 2025 783 2291 846; x_wconf 85' lang='lat' dir='ltr'><strong>funditus</strong></span> <span class='ocrx_word' id='word_1_18' title='bbox 2323 795 2462 846; x_wconf 82' lang='lat' dir='ltr'><strong>sunt</strong></span> <span class='ocrx_word' id='word_1_19' title='bbox 2485 784 2693 856; x_wconf 87' lang='lat' dir='ltr'><strong>diruti,</strong></span> <span class='ocrx_word' id='word_1_20' title='bbox 2717 786 2904 846; x_wconf 87' lang='lat' dir='ltr'><strong>etiam</strong></span> 
     </span>
     <span class='ocr_line' id='line_1_4' title="bbox 992 877 2118 962; baseline 0.002 -24"><span class='ocrx_word' id='word_1_21' title='bbox 992 877 1287 960; x_wconf 71' lang='lat' dir='ltr'>lapidibus</span> <span class='ocrx_word' id='word_1_22' title='bbox 1310 881 1371 940; x_wconf 87' lang='lat' dir='ltr'><strong>in</strong></span> <span class='ocrx_word' id='word_1_23' title='bbox 1396 880 1702 962; x_wconf 79' lang='lat' dir='ltr'><strong>pulverem</strong></span> <span class='ocrx_word' id='word_1_24' title='bbox 1725 881 2118 942; x_wconf 83' lang='lat' dir='ltr'><strong>comminutis.</strong></span> 
     </span>
    </p>

    <p class='ocr_par' dir='ltr' id='par_1_4' title="bbox 664 975 2903 1048">
     <span class='ocr_line' id='line_1_5' title="bbox 664 975 2903 1048; baseline 0.003 -16"><span class='ocrx_word' id='word_1_25' title='bbox 664 983 773 1034; x_wconf 69' lang='grc' dir='ltr'><strong>Ην.</strong></span> <span class='ocrx_word' id='word_1_26' title='bbox 796 982 932 1048; x_wconf 79' lang='lat' dir='ltr'><strong>Epit.</strong></span> <span class='ocrx_word' id='word_1_27' title='bbox 1077 983 1175 1036; x_wconf 85' lang='lat'><strong>16.</strong></span> <span class='ocrx_word' id='word_1_28' title='bbox 1217 975 1319 1036; x_wconf 91' lang='lat' dir='ltr'><strong>Ita</strong></span> <span class='ocrx_word' id='word_1_29' title='bbox 1346 977 1704 1038; x_wconf 81' lang='lat' dir='ltr'><strong>Corinthum</strong></span> <span class='ocrx_word' id='word_1_30' title='bbox 1734 977 1804 1038; x_wconf 88' lang='lat' dir='ltr'><strong>L.</strong></span> <span class='ocrx_word' id='word_1_31' title='bbox 1836 978 2162 1038; x_wconf 78' lang='lat' dir='ltr'><strong>Mummius</strong></span> <span class='ocrx_word' id='word_1_32' title='bbox 2185 977 2399 1039; x_wconf 84' lang='lat' dir='ltr'><strong>evertit</strong></span> <span class='ocrx_word' id='word_1_33' title='bbox 2423 997 2502 1037; x_wconf 84' lang='lat' dir='ltr'><strong>ex</strong></span> <span class='ocrx_word' id='word_1_34' title='bbox 2520 984 2903 1038; x_wconf 69' lang='lat' dir='ltr'><strong>senauncon·</strong></span> 
     </span>
    </p>

    <p class='ocr_par' dir='ltr' id='par_1_5' title="bbox 666 1061 2900 1154">
     <span class='ocr_line' id='line_1_6' title="bbox 666 1061 2900 1154; baseline 0 -22"><span class='ocrx_word' id='word_1_35' title='bbox 666 1061 671 1066; x_wconf 40' lang='lat'>⁸</span> <span class='ocrx_word' id='word_1_36' title='bbox 988 1071 1169 1143; x_wconf 83' lang='lat' dir='ltr'><strong>sulto,</strong></span> <span class='ocrx_word' id='word_1_37' title='bbox 1222 1073 1386 1154; x_wconf 89' lang='lat' dir='ltr'><strong>quod</strong></span> <span class='ocrx_word' id='word_1_38' title='bbox 1426 1075 1510 1134; x_wconf 88' lang='lat' dir='ltr'><strong>ibi</strong></span> <span class='ocrx_word' id='word_1_39' title='bbox 1550 1073 1837 1134; x_wconf 78' lang='lat' dir='ltr'><strong>violatum</strong></span> <span class='ocrx_word' id='word_1_40' title='bbox 1873 1075 1934 1134; x_wconf 89' lang='lat' dir='ltr'><strong>in</strong></span> <span class='ocrx_word' id='word_1_41' title='bbox 1979 1073 2195 1154; x_wconf 77' lang='lat' dir='ltr'><strong>legatis</strong></span> <span class='ocrx_word' id='word_1_42' title='bbox 2227 1073 2486 1153; x_wconf 76' lang='lat' dir='ltr'><strong>gentium</strong></span> <span class='ocrx_word' id='word_1_43' title='bbox 2523 1075 2634 1153; x_wconf 82' lang='lat' dir='ltr'><strong>jus</strong></span> <span class='ocrx_word' id='word_1_44' title='bbox 2669 1071 2900 1141; x_wconf 55' lang='lat' dir='ltr'><strong>fueram</strong></span> 
     </span>
    </p>

    <p class='ocr_par' dir='ltr' id='par_1_6' title="bbox 664 1167 2903 1252">
     <span class='ocr_line' id='line_1_7' title="bbox 664 1167 2903 1252; baseline 0.004 -31"><span class='ocrx_word' id='word_1_45' title='bbox 664 1172 793 1248; x_wconf 52' lang='lat' dir='ltr'><strong>Veli.</strong></span> <span class='ocrx_word' id='word_1_46' title='bbox 818 1187 857 1240; x_wconf 61' lang='grc' dir='ltr'><strong>ς.</strong></span> <span class='ocrx_word' id='word_1_47' title='bbox 880 1175 963 1224; x_wconf 72' lang='grc'><strong>13.</strong></span> <span class='ocrx_word' id='word_1_48' title='bbox 989 1179 1123 1249; x_wconf 89' lang='lat' dir='ltr'><strong>post</strong></span> <span class='ocrx_word' id='word_1_49' title='bbox 1148 1189 1333 1230; x_wconf 83' lang='lat' dir='ltr'><strong>annos</strong></span> <span class='ocrx_word' id='word_1_50' title='bbox 1358 1180 1687 1250; x_wconf 80' lang='lat' dir='ltr'><strong>nongentos</strong></span> <span class='ocrx_word' id='word_1_51' title='bbox 1723 1171 2178 1252; x_wconf 72' lang='lat' dir='ltr'><strong>quinquaginta,</strong></span> <span class='ocrx_word' id='word_1_52' title='bbox 2203 1189 2385 1252; x_wconf 90' lang='lat' dir='ltr'><strong>quam</strong></span> <span class='ocrx_word' id='word_1_53' title='bbox 2410 1171 2491 1231; x_wconf 88' lang='lat' dir='ltr'><strong>ab</strong></span> <span class='ocrx_word' id='word_1_54' title='bbox 2515 1169 2706 1230; x_wconf 86' lang='lat' dir='ltr'><strong>Alete</strong></span> <span class='ocrx_word' id='word_1_55' title='bbox 2733 1167 2903 1250; x_wconf 90' lang='lat' dir='ltr'><strong>Hip-</strong></span> 
     </span>
    </p>

    <p class='ocr_par' dir='ltr' id='par_1_7' title="bbox 662 1238 2904 1445">
     <span class='ocr_line' id='line_1_8' title="bbox 662 1238 2902 1347; baseline 0 -21"><span class='ocrx_word' id='word_1_56' title='bbox 662 1238 742 1287; x_wconf 79' lang='lat' dir='ltr'><strong>ld.</strong></span> <span class='ocrx_word' id='word_1_57' title='bbox 762 1239 896 1288; x_wconf 72' lang='lat' dir='ltr'><strong>¹b·⁸‘</strong></span> <span class='ocrx_word' id='word_1_58' title='bbox 988 1267 1145 1346; x_wconf 83' lang='lat' dir='ltr'><strong>potis</strong></span> <span class='ocrx_word' id='word_1_59' title='bbox 1170 1265 1318 1337; x_wconf 85' lang='lat' dir='ltr'><strong>filio,</strong></span> <span class='ocrx_word' id='word_1_60' title='bbox 1362 1268 1465 1347; x_wconf 89' lang='lat' dir='ltr'><strong>qui</strong></span> <span class='ocrx_word' id='word_1_61' title='bbox 1501 1274 1708 1328; x_wconf 83' lang='lat' dir='ltr'><strong>sextus</strong></span> <span class='ocrx_word' id='word_1_62' title='bbox 1743 1267 1822 1328; x_wconf 89' lang='lat' dir='ltr'><strong>ab</strong></span> <span class='ocrx_word' id='word_1_63' title='bbox 1856 1267 2128 1328; x_wconf 78' lang='lat' dir='ltr'><strong>Hercule</strong></span> <span class='ocrx_word' id='word_1_64' title='bbox 2153 1275 2515 1338; x_wconf 86' lang='lat' dir='ltr'><strong>numeratur,</strong></span> <span class='ocrx_word' id='word_1_65' title='bbox 2539 1265 2784 1327; x_wconf 87' lang='lat' dir='ltr'><strong>condita</strong></span> <span class='ocrx_word' id='word_1_66' title='bbox 2807 1264 2902 1326; x_wconf 81' lang='lat' dir='ltr'><strong>fu-</strong></span> 
     </span>
     <span class='ocr_line' id='line_1_9' title="bbox 988 1361 2904 1445; baseline 0 -23"><span class='ocrx_word' id='word_1_67' title='bbox 988 1372 1136 1424; x_wconf 89' lang='lat' dir='ltr'><strong>erat.</strong></span> <span class='ocrx_word' id='word_1_68' title='bbox 1242 1362 1391 1423; x_wconf 88' lang='lat' dir='ltr'><strong>Hao</strong></span> <span class='ocrx_word' id='word_1_69' title='bbox 1424 1363 1748 1425; x_wconf 86' lang='lat' dir='ltr'><strong>acerbitate</strong></span> <span class='ocrx_word' id='word_1_70' title='bbox 1783 1383 2086 1444; x_wconf 87' lang='lat' dir='ltr'><strong>poenarum</strong></span> <span class='ocrx_word' id='word_1_71' title='bbox 2110 1383 2262 1445; x_wconf 85' lang='lat' dir='ltr'><strong>opus</strong></span> <span class='ocrx_word' id='word_1_72' title='bbox 2285 1363 2620 1434; x_wconf 82' lang='lat' dir='ltr'><strong>videbatur,</strong></span> <span class='ocrx_word' id='word_1_73' title='bbox 2647 1370 2714 1422; x_wconf 88' lang='lat' dir='ltr'><strong>ut</strong></span> <span class='ocrx_word' id='word_1_74' title='bbox 2736 1361 2904 1443; x_wconf 86' lang='lat' dir='ltr'><strong>quod</strong></span> 
     </span>
    </p>

    <p class='ocr_par' dir='ltr' id='par_1_8' title="bbox 665 1451 2902 1568">
     <span class='ocr_line' id='line_1_10' title="bbox 665 1451 2902 1568; baseline 0 -51"><span class='ocrx_word' id='word_1_75' title='bbox 665 1451 845 1568; x_wconf 53' lang='lat' dir='ltr'><strong>Vlzi‘ffl·</strong></span> <span class='ocrx_word' id='word_1_76' title='bbox 867 1465 947 1516; x_wconf 76' lang='lat'><strong>⁸1²·</strong></span> <span class='ocrx_word' id='word_1_77' title='bbox 988 1458 1295 1540; x_wconf 89' lang='lat' dir='ltr'><strong>imperium</strong></span> <span class='ocrx_word' id='word_1_78' title='bbox 1334 1460 1620 1520; x_wconf 82' lang='lat' dir='ltr'><strong>hactenus</strong></span> <span class='ocrx_word' id='word_1_79' title='bbox 1661 1459 1983 1522; x_wconf 87' lang='lat' dir='ltr'><strong>clementia</strong></span> <span class='ocrx_word' id='word_1_80' title='bbox 2022 1458 2492 1521; x_wconf 84' lang='lat' dir='ltr'><strong>commendasset</strong></span> <span class='ocrx_word' id='word_1_81' title='bbox 2531 1457 2790 1540; x_wconf 88' lang='lat' dir='ltr'><strong>populis,</strong></span> <span class='ocrx_word' id='word_1_82' title='bbox 2837 1457 2902 1518; x_wconf 88' lang='lat' dir='ltr'><strong>id</strong></span> 
     </span>
    </p>

    <p class='ocr_par' dir='ltr' id='par_1_9' title="bbox 762 1531 2906 2411">
     <span class='ocr_line' id='line_1_11' title="bbox 762 1531 2902 1618; baseline 0 -4"><span class='ocrx_word' id='word_1_83' title='bbox 762 1531 836 1565; x_wconf 65' lang='lat'><strong>⁶⁸⁰</strong></span> <span class='ocrx_word' id='word_1_84' title='bbox 986 1557 1169 1616; x_wconf 88' lang='lat' dir='ltr'><strong>etiam</strong></span> <span class='ocrx_word' id='word_1_85' title='bbox 1206 1554 1489 1617; x_wconf 79' lang='lat' dir='ltr'><strong>adversus</strong></span> <span class='ocrx_word' id='word_1_86' title='bbox 1525 1557 1993 1618; x_wconf 86' lang='lat' dir='ltr'><strong>mansuetudinis</strong></span> <span class='ocrx_word' id='word_1_87' title='bbox 2023 1564 2382 1617; x_wconf 74' lang='lat' dir='ltr'><strong>contemtum</strong></span> <span class='ocrx_word' id='word_1_88' title='bbox 2411 1565 2596 1616; x_wconf 85' lang='lat' dir='ltr'><strong>terror</strong></span> <span class='ocrx_word' id='word_1_89' title='bbox 2619 1555 2902 1615; x_wconf 82' lang='lat' dir='ltr'><strong>severita-</strong></span> 
     </span>
     <span class='ocr_line' id='line_1_12' title="bbox 986 1651 2906 1734; baseline 0.001 -23"><span class='ocrx_word' id='word_1_90' title='bbox 986 1651 1063 1711; x_wconf 88' lang='lat' dir='ltr'><strong>tis</strong></span> <span class='ocrx_word' id='word_1_91' title='bbox 1104 1651 1470 1717; x_wconf 87' lang='lat' dir='ltr'><strong>defenderet.</strong></span> <span class='ocrx_word' id='word_1_92' title='bbox 1552 1653 1767 1734; x_wconf 83' lang='lat' dir='ltr'><strong>Atque</strong></span> <span class='ocrx_word' id='word_1_93' title='bbox 1807 1655 1962 1714; x_wconf 87' lang='lat' dir='ltr'><strong>banc</strong></span> <span class='ocrx_word' id='word_1_94' title='bbox 2006 1653 2294 1714; x_wconf 85' lang='lat' dir='ltr'><strong>rationem</strong></span> <span class='ocrx_word' id='word_1_95' title='bbox 2330 1651 2588 1731; x_wconf 77' lang='lat' dir='ltr'><strong>augendi</strong></span> <span class='ocrx_word' id='word_1_96' title='bbox 2629 1672 2724 1712; x_wconf 84' lang='lat' dir='ltr'><strong>res</strong></span> <span class='ocrx_word' id='word_1_97' title='bbox 2763 1671 2906 1713; x_wconf 69' lang='lat' dir='ltr'><strong>silas</strong></span> 
     </span>
     <span class='ocr_line' id='line_1_13' title="bbox 988 1745 2902 1832; baseline 0.002 -26"><span class='ocrx_word' id='word_1_98' title='bbox 988 1745 1379 1829; x_wconf 78' lang='lat' dir='ltr'><strong>firm‘andique</strong></span> <span class='ocrx_word' id='word_1_99' title='bbox 1417 1749 1626 1832; x_wconf 83' lang='lat' dir='ltr'><strong>priscis</strong></span> <span class='ocrx_word' id='word_1_100' title='bbox 1655 1751 1837 1810; x_wconf 87' lang='lat' dir='ltr'><strong>etiam</strong></span> <span class='ocrx_word' id='word_1_101' title='bbox 1871 1749 2132 1831; x_wconf 86' lang='lat' dir='ltr'><strong>imperiis</strong></span> <span class='ocrx_word' id='word_1_102' title='bbox 2155 1749 2448 1831; x_wconf 73' lang='lat' dir='ltr'><strong>placuisse</strong></span> <span class='ocrx_word' id='word_1_103' title='bbox 2473 1747 2758 1810; x_wconf 77' lang='lat' dir='ltr'><strong>credibile</strong></span> <span class='ocrx_word' id='word_1_104' title='bbox 2785 1759 2902 1820; x_wconf 84' lang='lat' dir='ltr'><strong>est,</strong></span> 
     </span>
     <span class='ocr_line' id='line_1_14' title="bbox 986 1844 2902 1927; baseline 0.002 -25"><span class='ocrx_word' id='word_1_105' title='bbox 986 1852 1053 1903; x_wconf 90' lang='lat' dir='ltr'><strong>ut</strong></span> <span class='ocrx_word' id='word_1_106' title='bbox 1095 1845 1499 1925; x_wconf 86' lang='lat' dir='ltr'><strong>incipientem·</strong></span> <span class='ocrx_word' id='word_1_107' title='bbox 1522 1848 1846 1927; x_wconf 86' lang='lat' dir='ltr'><strong>potentiam</strong></span> <span class='ocrx_word' id='word_1_108' title='bbox 1887 1845 2128 1906; x_wconf 75' lang='lat' dir='ltr'><strong>facilius</strong></span> <span class='ocrx_word' id='word_1_109' title='bbox 2161 1844 2407 1906; x_wconf 76' lang='lat' dir='ltr'><strong>lenitate</strong></span> <span class='ocrx_word' id='word_1_110' title='bbox 2433 1854 2716 1926; x_wconf 86' lang='lat' dir='ltr'><strong>putarent</strong></span> <span class='ocrx_word' id='word_1_111' title='bbox 2737 1865 2902 1906; x_wconf 88' lang='lat' dir='ltr'><strong>cres-</strong></span> 
     </span>
     <span class='ocr_line' id='line_1_15' title="bbox 984 1941 2904 2024; baseline 0.002 -24"><span class='ocrx_word' id='word_1_112' title='bbox 984 1961 1156 2010; x_wconf 76' lang='lat' dir='ltr'><strong>cere:</strong></span> <span class='ocrx_word' id='word_1_113' title='bbox 1206 1941 1285 2003; x_wconf 89' lang='lat' dir='ltr'><strong>ad</strong></span> <span class='ocrx_word' id='word_1_114' title='bbox 1316 1961 1545 2004; x_wconf 84' lang='lat' dir='ltr'><strong>summa</strong></span> <span class='ocrx_word' id='word_1_115' title='bbox 1584 1945 1884 2024; x_wconf 77' lang='lat' dir='ltr'><strong>perductae</strong></span> <span class='ocrx_word' id='word_1_116' title='bbox 1925 1963 2060 2005; x_wconf 83' lang='lat' dir='ltr'><strong>non.</strong></span> <span class='ocrx_word' id='word_1_117' title='bbox 2079 1963 2206 2004; x_wconf 84' lang='lat' dir='ltr'><strong>esse</strong></span> <span class='ocrx_word' id='word_1_118' title='bbox 2234 1941 2552 2004; x_wconf 85' lang='lat' dir='ltr'><strong>firmiorem</strong></span> <span class='ocrx_word' id='word_1_119' title='bbox 2577 1953 2740 2004; x_wconf 87' lang='lat' dir='ltr'><strong>metu</strong></span> <span class='ocrx_word' id='word_1_120' title='bbox 2765 1963 2904 2004; x_wconf 85' lang='lat' dir='ltr'><strong>cus·</strong></span> 
     </span>
     <span class='ocr_line' id='line_1_16' title="bbox 982 2037 2902 2122; baseline 0.001 -25"><span class='ocrx_word' id='word_1_121' title='bbox 982 2037 1229 2098; x_wconf 81' lang='lat' dir='ltr'><strong>todiam.</strong></span> <span class='ocrx_word' id='word_1_122' title='bbox 1312 2037 1481 2100; x_wconf 87' lang='lat' dir='ltr'><strong>Nam</strong></span> <span class='ocrx_word' id='word_1_123' title='bbox 1518 2039 1597 2100; x_wconf 86' lang='lat' dir='ltr'><strong>ad</strong></span> <span class='ocrx_word' id='word_1_124' title='bbox 1633 2041 1899 2102; x_wconf 83' lang='lat' dir='ltr'><strong>modicas</strong></span> <span class='ocrx_word' id='word_1_125' title='bbox 1933 2038 2348 2122; x_wconf 88' lang='lat' dir='ltr'><strong>opprimendas</strong></span> <span class='ocrx_word' id='word_1_126' title='bbox 2381 2059 2546 2120; x_wconf 87' lang='lat' dir='ltr'><strong>opes,</strong></span> <span class='ocrx_word' id='word_1_127' title='bbox 2579 2039 2761 2120; x_wconf 83' lang='lat' dir='ltr'><strong>siper</strong></span> <span class='ocrx_word' id='word_1_128' title='bbox 2787 2059 2902 2098; x_wconf 69' lang='lat' dir='ltr'><strong>sm·</strong></span> 
     </span>
     <span class='ocr_line' id='line_1_17' title="bbox 981 2133 2904 2208; baseline 0.002 -15"><span class='ocrx_word' id='word_1_129' title='bbox 981 2133 1189 2194; x_wconf 79' lang='lat' dir='ltr'><strong>vitiam</strong></span> <span class='ocrx_word' id='word_1_130' title='bbox 1214 2135 1406 2195; x_wconf 88' lang='lat' dir='ltr'><strong>timeri</strong></span> <span class='ocrx_word' id='word_1_131' title='bbox 1432 2147 1787 2208; x_wconf 88' lang='lat' dir='ltr'><strong>meruerunt,</strong></span> <span class='ocrx_word' id='word_1_132' title='bbox 1813 2136 1968 2198; x_wconf 86' lang='lat' dir='ltr'><strong>baud</strong></span> <span class='ocrx_word' id='word_1_133' title='bbox 1997 2135 2315 2198; x_wconf 84' lang='lat' dir='ltr'><strong>difficulter</strong></span> <span class='ocrx_word' id='word_1_134' title='bbox 2339 2136 2742 2196; x_wconf 86' lang='lat' dir='ltr'><strong>concurritur:</strong></span> <span class='ocrx_word' id='word_1_135' title='bbox 2791 2155 2904 2196; x_wconf 81' lang='lat' dir='ltr'><strong>va·</strong></span> 
     </span>
     <span class='ocr_line' id='line_1_18' title="bbox 982 2230 2897 2316; baseline 0.002 -27"><span class='ocrx_word' id='word_1_136' title='bbox 982 2230 1293 2292; x_wconf 83' lang='lat' dir='ltr'><strong>lidioribus</strong></span> <span class='ocrx_word' id='word_1_137' title='bbox 1317 2235 1492 2294; x_wconf 84' lang='lat' dir='ltr'><strong>rebus</strong></span> <span class='ocrx_word' id='word_1_138' title='bbox 1516 2237 1710 2314; x_wconf 84' lang='lat' dir='ltr'><strong>majus</strong></span> <span class='ocrx_word' id='word_1_139' title='bbox 1735 2255 1773 2294; x_wconf 84' lang='lat' dir='ltr'><strong>a</strong></span> <span class='ocrx_word' id='word_1_140' title='bbox 1790 2233 2080 2296; x_wconf 71' lang='lat' dir='ltr'><strong>facilitate</strong></span> <span class='ocrx_word' id='word_1_141' title='bbox 2099 2232 2427 2316; x_wconf 88' lang='lat' dir='ltr'><strong>periculum</strong></span> <span class='ocrx_word' id='word_1_142' title='bbox 2443 2239 2570 2303; x_wconf 85' lang='lat' dir='ltr'><strong>est;</strong></span> <span class='ocrx_word' id='word_1_143' title='bbox 2599 2232 2897 2312; x_wconf 85' lang='lat' dir='ltr'><strong>viresque,</strong></span> 
     </span>
     <span class='ocr_line' id='line_1_19' title="bbox 982 2328 2568 2411; baseline 0 -24"><span class='ocrx_word' id='word_1_144' title='bbox 982 2347 1100 2388; x_wconf 87' lang='lat' dir='ltr'><strong>non</strong></span> <span class='ocrx_word' id='word_1_145' title='bbox 1126 2330 1296 2410; x_wconf 85' lang='lat' dir='ltr'><strong>quasi</strong></span> <span class='ocrx_word' id='word_1_146' title='bbox 1322 2328 1595 2401; x_wconf 64' lang='lat' dir='ltr'><strong>infirmae,</strong></span> <span class='ocrx_word' id='word_1_147' title='bbox 1623 2330 1728 2390; x_wconf 86' lang='lat' dir='ltr'><strong>sed</strong></span> <span class='ocrx_word' id='word_1_148' title='bbox 1755 2331 1926 2411; x_wconf 82' lang='lat' dir='ltr'><strong>quasi</strong></span> <span class='ocrx_word' id='word_1_149' title='bbox 1949 2331 2177 2402; x_wconf 77' lang='lat' dir='ltr'><strong>otiosae,</strong></span> <span class='ocrx_word' id='word_1_150' title='bbox 2200 2335 2568 2411; x_wconf 85' lang='lat' dir='ltr'><strong>spernuntur.</strong></span> 
     </span>
    </p>

    <p class='ocr_par' dir='ltr' id='par_1_10' title="bbox 648 2424 2900 2508">
     <span class='ocr_line' id='line_1_20' title="bbox 648 2424 2900 2508; baseline 0 -25"><span class='ocrx_word' id='word_1_151' title='bbox 648 2431 827 2483; x_wconf 68' lang='lat' dir='ltr'><strong>&#39;zoam</strong></span> <span class='ocrx_word' id='word_1_152' title='bbox 1066 2431 1167 2488; x_wconf 81' lang='lat'><strong>17.</strong></span> <span class='ocrx_word' id='word_1_153' title='bbox 1192 2424 1492 2486; x_wconf 79' lang='lat' dir='ltr'><strong>Ceterum</strong></span> <span class='ocrx_word' id='word_1_154' title='bbox 1547 2426 1898 2500; x_wconf 85' lang='lat' dir='ltr'><strong>Mummius,</strong></span> <span class='ocrx_word' id='word_1_155' title='bbox 1939 2426 2184 2508; x_wconf 87' lang='lat' dir='ltr'><strong>reliquis</strong></span> <span class='ocrx_word' id='word_1_156' title='bbox 2225 2425 2574 2486; x_wconf 75' lang='lat' dir='ltr'><strong>Graecorum</strong></span> <span class='ocrx_word' id='word_1_157' title='bbox 2612 2442 2900 2484; x_wconf 73' lang='lat' dir='ltr'><strong>concema</strong></span> 
     </span>
    </p>

    <p class='ocr_par' dir='ltr' id='par_1_11' title="bbox 660 2517 2902 2702">
     <span class='ocr_line' id='line_1_21' title="bbox 660 2517 2902 2601; baseline 0 -23"><span class='ocrx_word' id='word_1_158' title='bbox 660 2527 869 2580; x_wconf 64' lang='lat' dir='ltr'><strong>Panna.</strong></span> <span class='ocrx_word' id='word_1_159' title='bbox 980 2519 1280 2594; x_wconf 77' lang='lat' dir='ltr'><strong>libertate,</strong></span> <span class='ocrx_word' id='word_1_160' title='bbox 1308 2521 1895 2596; x_wconf 73' lang='lat' dir='ltr'><strong>Corinthios&#39;omnes,</strong></span> <span class='ocrx_word' id='word_1_161' title='bbox 1914 2532 1980 2584; x_wconf 89' lang='lat' dir='ltr'><strong>et</strong></span> <span class='ocrx_word' id='word_1_162' title='bbox 2001 2543 2084 2584; x_wconf 82' lang='lat' dir='ltr'><strong>ex</strong></span> <span class='ocrx_word' id='word_1_163' title='bbox 2107 2524 2290 2584; x_wconf 81' lang='lat' dir='ltr'><strong>servis</strong></span> <span class='ocrx_word' id='word_1_164' title='bbox 2306 2541 2456 2601; x_wconf 85' lang='lat' dir='ltr'><strong>quos</strong></span> <span class='ocrx_word' id='word_1_165' title='bbox 2478 2517 2686 2580; x_wconf 72' lang='lat' dir='ltr'><strong>Diaeus</strong></span> <span class='ocrx_word' id='word_1_166' title='bbox 2701 2537 2902 2580; x_wconf 85' lang='lat' dir='ltr'><strong>arma-</strong></span> 
     </span>
     <span class='ocr_line' id='line_1_22' title="bbox 982 2615 2897 2702; baseline -0.001 -24"><span class='ocrx_word' id='word_1_167' title='bbox 982 2627 1150 2678; x_wconf 78' lang='lat' dir='ltr'><strong>verat</strong></span> <span class='ocrx_word' id='word_1_168' title='bbox 1173 2628 1470 2700; x_wconf 86' lang='lat' dir='ltr'><strong>quotquot</strong></span> <span class='ocrx_word' id='word_1_169' title='bbox 1490 2620 1830 2700; x_wconf 71' lang='lat' dir='ltr'><strong>superstites</strong></span> <span class='ocrx_word' id='word_1_170' title='bbox 1853 2620 2062 2702; x_wconf 84' lang='lat' dir='ltr'><strong>praelio</strong></span> <span class='ocrx_word' id='word_1_171' title='bbox 2091 2627 2280 2690; x_wconf 87' lang='lat' dir='ltr'><strong>erant,</strong></span> <span class='ocrx_word' id='word_1_172' title='bbox 2305 2617 2416 2677; x_wconf 88' lang='lat' dir='ltr'><strong>sub</strong></span> <span class='ocrx_word' id='word_1_173' title='bbox 2439 2633 2662 2677; x_wconf 87' lang='lat' dir='ltr'><strong>corona</strong></span> <span class='ocrx_word' id='word_1_174' title='bbox 2685 2615 2897 2684; x_wconf 78' lang='lat' dir='ltr'><strong>vendi·</strong></span> 
     </span>
    </p>

    <p class='ocr_par' dir='ltr' id='par_1_12' title="bbox 660 2712 2900 3472">
     <span class='ocr_line' id='line_1_23' title="bbox 660 2712 2900 2796; baseline -0.001 -22"><span class='ocrx_word' id='word_1_175' title='bbox 660 2725 827 2775; x_wconf 72' lang='lat' dir='ltr'><strong>Zonar.</strong></span> <span class='ocrx_word' id='word_1_176' title='bbox 982 2713 1095 2776; x_wconf 88' lang='lat' dir='ltr'><strong>dit.</strong></span> <span class='ocrx_word' id='word_1_177' title='bbox 1178 2713 1289 2776; x_wconf 88' lang='lat' dir='ltr'><strong>Ad</strong></span> <span class='ocrx_word' id='word_1_178' title='bbox 1324 2735 1473 2796; x_wconf 84' lang='lat' dir='ltr'><strong>quos</strong></span> <span class='ocrx_word' id='word_1_179' title='bbox 1496 2716 1622 2776; x_wconf 86' lang='lat' dir='ltr'><strong>sine</strong></span> <span class='ocrx_word' id='word_1_180' title='bbox 1649 2715 1777 2778; x_wconf 86' lang='lat' dir='ltr'><strong>ulla</strong></span> <span class='ocrx_word' id='word_1_181' title='bbox 1801 2716 2056 2777; x_wconf 87' lang='lat' dir='ltr'><strong>aliorum</strong></span> <span class='ocrx_word' id='word_1_182' title='bbox 2081 2714 2300 2795; x_wconf 85' lang='lat' dir='ltr'><strong>injuria</strong></span> <span class='ocrx_word' id='word_1_183' title='bbox 2321 2721 2486 2774; x_wconf 82' lang='lat' dir='ltr'><strong>certo</strong></span> <span class='ocrx_word' id='word_1_184' title='bbox 2509 2712 2900 2794; x_wconf 80' lang='lat' dir='ltr'><strong>comprehen-</strong></span> 
     </span>
     <span class='ocr_line' id='line_1_24' title="bbox 982 2809 2899 2890; baseline 0.002 -20"><span class='ocrx_word' id='word_1_185' title='bbox 982 2810 1231 2882; x_wconf 80' lang='lat' dir='ltr'><strong>dendos,</strong></span> <span class='ocrx_word' id='word_1_186' title='bbox 1284 2810 1397 2871; x_wconf 88' lang='lat' dir='ltr'><strong>hac</strong></span> <span class='ocrx_word' id='word_1_187' title='bbox 1452 2820 1579 2872; x_wconf 84' lang='lat' dir='ltr'><strong>arte</strong></span> <span class='ocrx_word' id='word_1_188' title='bbox 1629 2811 1848 2872; x_wconf 89' lang='lat' dir='ltr'><strong>dicitur</strong></span> <span class='ocrx_word' id='word_1_189' title='bbox 1897 2833 2052 2874; x_wconf 88' lang='lat' dir='ltr'><strong>usus.</strong></span> <span class='ocrx_word' id='word_1_190' title='bbox 2154 2810 2518 2872; x_wconf 81' lang='lat' dir='ltr'><strong>Convocatis</strong></span> <span class='ocrx_word' id='word_1_191' title='bbox 2565 2809 2899 2890; x_wconf 88' lang='lat' dir='ltr'><strong>promiscue</strong></span> 
     </span>
     <span class='ocr_line' id='line_1_25' title="bbox 980 2909 2900 2992; baseline 0.001 -24"><span class='ocrx_word' id='word_1_192' title='bbox 980 2910 1277 2980; x_wconf 85' lang='lat' dir='ltr'><strong>omnibus,</strong></span> <span class='ocrx_word' id='word_1_193' title='bbox 1317 2909 1804 2992; x_wconf 77' lang='lat' dir='ltr'><strong>dissimulatoque</strong></span> <span class='ocrx_word' id='word_1_194' title='bbox 1845 2911 2076 2972; x_wconf 82' lang='lat' dir='ltr'><strong>interim</strong></span> <span class='ocrx_word' id='word_1_195' title='bbox 2119 2910 2421 2992; x_wconf 83' lang='lat' dir='ltr'><strong>proposito</strong></span> <span class='ocrx_word' id='word_1_196' title='bbox 2463 2927 2596 2980; x_wconf 88' lang='lat' dir='ltr'><strong>suo,</strong></span> <span class='ocrx_word' id='word_1_197' title='bbox 2639 2917 2900 2970; x_wconf 85' lang='lat' dir='ltr'><strong>armatos</strong></span> 
     </span>
     <span class='ocr_line' id='line_1_26' title="bbox 978 3003 2896 3090; baseline -0.001 -24"><span class='ocrx_word' id='word_1_198' title='bbox 978 3006 1373 3076; x_wconf 81' lang='lat' dir='ltr'><strong>circumfudit.</strong></span> <span class='ocrx_word' id='word_1_199' title='bbox 1460 3007 1700 3068; x_wconf 84' lang='lat' dir='ltr'><strong>Deinde</strong></span> <span class='ocrx_word' id='word_1_200' title='bbox 1745 3009 1978 3070; x_wconf 82' lang='lat' dir='ltr'><strong>edicere</strong></span> <span class='ocrx_word' id='word_1_201' title='bbox 2021 3027 2352 3090; x_wconf 82' lang='lat' dir='ltr'><strong>praeconem</strong></span> <span class='ocrx_word' id='word_1_202' title='bbox 2385 3006 2590 3086; x_wconf 86' lang='lat' dir='ltr'><strong>jussit,</strong></span> <span class='ocrx_word' id='word_1_203' title='bbox 2638 3014 2656 3042; x_wconf 86' lang='lat'>‘</span> <span class='ocrx_word' id='word_1_204' title='bbox 2677 3003 2896 3065; x_wconf 81' lang='lat' dir='ltr'><strong>Corin-</strong></span> 
     </span>
     <span class='ocr_line' id='line_1_27' title="bbox 979 3101 2896 3185; baseline 0.001 -24"><span class='ocrx_word' id='word_1_205' title='bbox 979 3102 1159 3174; x_wconf 88' lang='lat' dir='ltr'><strong>thios,</strong></span> <span class='ocrx_word' id='word_1_206' title='bbox 1202 3111 1265 3163; x_wconf 90' lang='lat' dir='ltr'><strong>et</strong></span> <span class='ocrx_word' id='word_1_207' title='bbox 1292 3105 1398 3185; x_wconf 89' lang='lat' dir='ltr'><strong>qui</strong></span> <span class='ocrx_word' id='word_1_208' title='bbox 1424 3107 1910 3183; x_wconf 76' lang='lat' dir='ltr'><strong>manumissorum</strong></span> <span class='ocrx_word' id='word_1_209' title='bbox 1935 3125 2074 3166; x_wconf 89' lang='lat' dir='ltr'><strong>cum</strong></span> <span class='ocrx_word' id='word_1_210' title='bbox 2101 3104 2192 3164; x_wconf 85' lang='lat' dir='ltr'><strong>his</strong></span> <span class='ocrx_word' id='word_1_211' title='bbox 2215 3102 2586 3172; x_wconf 65' lang='lat' dir='ltr'><strong>militaaeent‚</strong></span> <span class='ocrx_word' id='word_1_212' title='bbox 2623 3101 2684 3160; x_wconf 87' lang='lat' dir='ltr'><strong>in</strong></span> <span class='ocrx_word' id='word_1_213' title='bbox 2709 3103 2896 3172; x_wconf 68' lang='lat' dir='ltr'><strong>servi·</strong></span> 
     </span>
     <span class='ocr_line' id='line_1_28' title="bbox 978 3195 2894 3284; baseline 0 -26"><span class='ocrx_word' id='word_1_214' title='bbox 978 3206 1165 3259; x_wconf 81' lang='lat' dir='ltr'><strong>tutem</strong></span> <span class='ocrx_word' id='word_1_215' title='bbox 1212 3201 1337 3281; x_wconf 88' lang='lat' dir='ltr'><strong>peti</strong></span> <span class='ocrx_word' id='word_1_216' title='bbox 1356 3221 1373 3260; x_wconf 79' lang='lat' dir='ltr'><strong>t</strong></span> <span class='ocrx_word' id='word_1_217' title='bbox 1394 3203 1634 3264; x_wconf 78' lang='lat' dir='ltr'><strong>‚ceteris</strong></span> <span class='ocrx_word' id='word_1_218' title='bbox 1673 3200 2002 3284; x_wconf 89' lang='lat' dir='ltr'><strong>periculum</strong></span> <span class='ocrx_word' id='word_1_219' title='bbox 2047 3220 2164 3261; x_wconf 90' lang='lat' dir='ltr'><strong>non</strong></span> <span class='ocrx_word' id='word_1_220' title='bbox 2197 3219 2344 3260; x_wconf 84' lang='lat' dir='ltr'><strong>esse.</strong></span> <span class='ocrx_word' id='word_1_221' title='bbox 2424 3195 2468 3258; x_wconf 81' lang='lat' dir='ltr'><strong>J</strong></span> <span class='ocrx_word' id='word_1_222' title='bbox 2471 3198 2648 3258; x_wconf 85' lang='lat' dir='ltr'><strong>ubere</strong></span> <span class='ocrx_word' id='word_1_223' title='bbox 2692 3205 2894 3258; x_wconf 83' lang='lat' dir='ltr'><strong>autem</strong></span> 
     </span>
     <span class='ocr_line' id='line_1_29' title="bbox 976 3291 2894 3378; baseline -0.001 -24"><span class='ocrx_word' id='word_1_224' title='bbox 976 3295 1304 3368; x_wconf 85' lang='lat' dir='ltr'><strong>consulem,</strong></span> <span class='ocrx_word' id='word_1_225' title='bbox 1352 3304 1421 3357; x_wconf 86' lang='lat' dir='ltr'><strong>ut</strong></span> <span class='ocrx_word' id='word_1_226' title='bbox 1469 3299 1722 3378; x_wconf 87' lang='lat' dir='ltr'><strong>quisque</strong></span> <span class='ocrx_word' id='word_1_227' title='bbox 1775 3307 2070 3358; x_wconf 76' lang='lat' dir='ltr'><strong>astantem</strong></span> <span class='ocrx_word' id='word_1_228' title='bbox 2118 3295 2235 3357; x_wconf 86' lang='lat' dir='ltr'><strong>sibi</strong></span> <span class='ocrx_word' id='word_1_229' title='bbox 2279 3295 2524 3356; x_wconf 66' lang='lat' dir='ltr'><strong>teneat!</strong></span> <span class='ocrx_word' id='word_1_230' title='bbox 2605 3291 2710 3353; x_wconf 89' lang='lat' dir='ltr'><strong>Ita</strong></span> <span class='ocrx_word' id='word_1_231' title='bbox 2751 3313 2894 3354; x_wconf 87' lang='lat' dir='ltr'><strong>cum</strong></span> 
     </span>
     <span class='ocr_line' id='line_1_30' title="bbox 978 3389 2896 3472; baseline 0 -23"><span class='ocrx_word' id='word_1_232' title='bbox 978 3390 1263 3470; x_wconf 78' lang='lat' dir='ltr'><strong>effugium</strong></span> <span class='ocrx_word' id='word_1_233' title='bbox 1292 3401 1398 3453; x_wconf 88' lang='lat' dir='ltr'><strong>aut</strong></span> <span class='ocrx_word' id='word_1_234' title='bbox 1420 3391 1668 3454; x_wconf 82' lang='lat' dir='ltr'><strong>latebrae</strong></span> <span class='ocrx_word' id='word_1_235' title='bbox 1687 3393 1868 3454; x_wconf 65' lang='lat' dir='ltr'><strong>nullae</strong></span> <span class='ocrx_word' id='word_1_236' title='bbox 1889 3401 2103 3466; x_wconf 82' lang='lat' dir='ltr'><strong>essent,</strong></span> <span class='ocrx_word' id='word_1_237' title='bbox 2136 3391 2319 3454; x_wconf 84' lang='lat' dir='ltr'><strong>facile</strong></span> <span class='ocrx_word' id='word_1_238' title='bbox 2347 3391 2452 3472; x_wconf 91' lang='lat' dir='ltr'><strong>qui</strong></span> <span class='ocrx_word' id='word_1_239' title='bbox 2477 3389 2896 3472; x_wconf 65' lang='lat' dir='ltr'><strong>querebantur</strong></span> 
     </span>
    </p>

    <p class='ocr_par' dir='ltr' id='par_1_13' title="bbox 940 3488 1343 3566">
     <span class='ocr_line' id='line_1_31' title="bbox 940 3488 1343 3566; baseline 0.007 -21"><span class='ocrx_word' id='word_1_240' title='bbox 940 3529 945 3534; x_wconf 77' lang='lat'>-</span> <span class='ocrx_word' id='word_1_241' title='bbox 976 3496 1115 3547; x_wconf 88' lang='lat' dir='ltr'><strong>sunt</strong></span> <span class='ocrx_word' id='word_1_242' title='bbox 1138 3488 1343 3566; x_wconf 79' lang='lat' dir='ltr'><strong>agniti.</strong></span> 
     </span>
    </p>

    <p class='ocr_par' dir='ltr' id='par_1_14' title="bbox 649 3565 2892 3668">
     <span class='ocr_line' id='line_1_32' title="bbox 649 3565 2892 3668; baseline 0.001 -29"><span class='ocrx_word' id='word_1_243' title='bbox 649 3591 777 3640; x_wconf 82' lang='lat' dir='ltr'><strong>Plor.</strong></span> <span class='ocrx_word' id='word_1_244' title='bbox 795 3607 857 3644; x_wconf 85' lang='lat'><strong>11.</strong></span> <span class='ocrx_word' id='word_1_245' title='bbox 875 3595 954 3643; x_wconf 75' lang='lat'><strong>16.</strong></span> <span class='ocrx_word' id='word_1_246' title='bbox 1061 3589 1160 3644; x_wconf 82' lang='lat'><strong>18.</strong></span> <span class='ocrx_word' id='word_1_247' title='bbox 1206 3583 1439 3649; x_wconf 81' lang='lat' dir='ltr'><strong>Ceterae</strong></span> <span class='ocrx_word' id='word_1_248' title='bbox 1494 3605 1732 3666; x_wconf 86' lang='lat' dir='ltr'><strong>quoque</strong></span> <span class='ocrx_word' id='word_1_249' title='bbox 1772 3585 1992 3668; x_wconf 76' lang='lat' dir='ltr'><strong>praedae</strong></span> <span class='ocrx_word' id='word_1_250' title='bbox 2015 3605 2294 3665; x_wconf 76' lang='lat' dir='ltr'><strong>magnam</strong></span> <span class='ocrx_word' id='word_1_251' title='bbox 2337 3592 2568 3665; x_wconf 87' lang='lat' dir='ltr'><strong>partem</strong></span> <span class='ocrx_word' id='word_1_252' title='bbox 2597 3565 2892 3643; x_wconf 66' lang='lat' dir='ltr'><strong>itendidit.</strong></span> 
     </span>
    </p>

    <p class='ocr_par' dir='ltr' id='par_1_15' title="bbox 666 3678 2894 3954">
     <span class='ocr_line' id='line_1_33' title="bbox 979 3678 2892 3761; baseline 0.001 -22"><span class='ocrx_word' id='word_1_253' title='bbox 979 3678 1097 3739; x_wconf 88' lang='lat' dir='ltr'><strong>Vis</strong></span> <span class='ocrx_word' id='word_1_254' title='bbox 1114 3687 1248 3741; x_wconf 82' lang='lat' dir='ltr'><strong>erat&#39;</strong></span> <span class='ocrx_word' id='word_1_255' title='bbox 1269 3680 1634 3743; x_wconf 84' lang='lat' dir='ltr'><strong>incredibilis</strong></span> <span class='ocrx_word' id='word_1_256' title='bbox 1649 3682 1967 3761; x_wconf 80' lang='lat' dir='ltr'><strong>signorum,</strong></span> <span class='ocrx_word' id='word_1_257' title='bbox 1989 3682 2352 3752; x_wconf 81' lang='lat' dir='ltr'><strong>tabularum,</strong></span> <span class='ocrx_word' id='word_1_258' title='bbox 2369 3679 2739 3760; x_wconf 76' lang='lat' dir='ltr'><strong>vestiumque</strong></span> <span class='ocrx_word' id='word_1_259' title='bbox 2754 3699 2892 3761; x_wconf 86' lang='lat' dir='ltr'><strong>pre-</strong></span> 
     </span>
     <span class='ocr_line' id='line_1_34' title="bbox 750 3775 2894 3859; baseline 0 -24"><span class='ocrx_word' id='word_1_260' title='bbox 750 3847 755 3854; x_wconf 25' lang='lat'><strong><em>‘</em></strong></span> <span class='ocrx_word' id='word_1_261' title='bbox 976 3777 1279 3844; x_wconf 84' lang='lat' dir='ltr'><strong>tiosarum,</strong></span> <span class='ocrx_word' id='word_1_262' title='bbox 1330 3785 1543 3858; x_wconf 81' lang='lat' dir='ltr'><strong>praeter</strong></span> <span class='ocrx_word' id='word_1_263' title='bbox 1582 3799 1658 3838; x_wconf 89' lang='lat' dir='ltr'><strong>ea</strong></span> <span class='ocrx_word' id='word_1_264' title='bbox 1693 3779 1916 3850; x_wconf 88' lang='lat' dir='ltr'><strong>omnia,</strong></span> <span class='ocrx_word' id='word_1_265' title='bbox 1954 3797 2092 3859; x_wconf 77' lang='lat' dir='ltr'><strong>quae</strong></span> <span class='ocrx_word' id='word_1_266' title='bbox 2127 3775 2402 3837; x_wconf 87' lang='lat' dir='ltr'><strong>incendio</strong></span> <span class='ocrx_word' id='word_1_267' title='bbox 2441 3775 2676 3847; x_wconf 83' lang='lat' dir='ltr'><strong>hausta,</strong></span> <span class='ocrx_word' id='word_1_268' title='bbox 2713 3783 2836 3848; x_wconf 54' lang='lat' dir='ltr'><strong>aut,</strong></span> <span class='ocrx_word' id='word_1_269' title='bbox 2853 3795 2894 3836; x_wconf 88' lang='lat' dir='ltr'><strong>a</strong></span> 
     </span>
     <span class='ocr_line' id='line_1_35' title="bbox 666 3869 2890 3954; baseline 0 -22"><span class='ocrx_word' id='word_1_270' title='bbox 666 3871 807 3922; x_wconf 70' lang='lat' dir='ltr'><strong>strab</strong></span> <span class='ocrx_word' id='word_1_271' title='bbox 811 3889 952 3925; x_wconf 68' lang='lat'><strong>111111</strong></span> <span class='ocrx_word' id='word_1_272' title='bbox 976 3871 1387 3952; x_wconf 87' lang='lat' dir='ltr'><strong>diripientibus</strong></span> <span class='ocrx_word' id='word_1_273' title='bbox 1410 3873 1726 3938; x_wconf 68' lang='lat' dir='ltr'><strong>confracta,</strong></span> <span class='ocrx_word' id='word_1_274' title='bbox 1742 3872 2214 3954; x_wconf 84' lang='lat' dir='ltr'><strong>conculcataque</strong></span> <span class='ocrx_word' id='word_1_275' title='bbox 2241 3871 2550 3954; x_wconf 86' lang='lat' dir='ltr'><strong>perierant.</strong></span> <span class='ocrx_word' id='word_1_276' title='bbox 2650 3869 2890 3932; x_wconf 80' lang='lat' dir='ltr'><strong>Milita-</strong></span> 
     </span>
    </p>

    <p class='ocr_par' dir='ltr' id='par_1_16' title="bbox 645 3943 2981 4438">
     <span class='ocr_line' id='line_1_36' title="bbox 645 3943 2981 4051; baseline 0 -23"><span class='ocrx_word' id='word_1_277' title='bbox 645 3953 697 4002; x_wconf 69' lang='grc' dir='ltr'><strong>Ρ·</strong></span> <span class='ocrx_word' id='word_1_278' title='bbox 714 3943 830 3990; x_wconf 70' lang='lat'><strong>⁸⁸¹⁸</strong></span> <span class='ocrx_word' id='word_1_279' title='bbox 975 3969 1056 4028; x_wconf 84' lang='lat' dir='ltr'><strong>ris</strong></span> <span class='ocrx_word' id='word_1_280' title='bbox 1080 3969 1407 4030; x_wconf 66' lang='lat' dir='ltr'><strong>insolentiae</strong></span> <span class='ocrx_word' id='word_1_281' title='bbox 1432 3990 1571 4030; x_wconf 87' lang='lat' dir='ltr'><strong>cum</strong></span> <span class='ocrx_word' id='word_1_282' title='bbox 1606 3970 1901 4051; x_wconf 86' lang='lat' dir='ltr'><strong>imperitia</strong></span> <span class='ocrx_word' id='word_1_283' title='bbox 1937 3971 2320 4048; x_wconf 77' lang='lat' dir='ltr'><strong>conjunctum</strong></span> <span class='ocrx_word' id='word_1_284' title='bbox 2345 3967 2564 4048; x_wconf 78' lang='lat' dir='ltr'><strong>grande</strong></span> <span class='ocrx_word' id='word_1_285' title='bbox 2587 3968 2889 4048; x_wconf 83' lang='lat' dir='ltr'><strong>specimen</strong></span> <span class='ocrx_word' id='word_1_286' title='bbox 2965 3953 2981 3970; x_wconf 61' lang='lat'>⁸</span> 
     </span>
     <span class='ocr_line' id='line_1_37' title="bbox 973 4064 2892 4149; baseline -0.001 -23"><span class='ocrx_word' id='word_1_287' title='bbox 973 4065 1191 4126; x_wconf 78' lang='lat' dir='ltr'><strong>vidisse</strong></span> <span class='ocrx_word' id='word_1_288' title='bbox 1222 4066 1523 4147; x_wconf 83' lang='lat' dir='ltr'><strong>Polybius</strong></span> <span class='ocrx_word' id='word_1_289' title='bbox 1546 4068 1752 4138; x_wconf 84' lang='lat' dir='ltr'><strong>refert,</strong></span> <span class='ocrx_word' id='word_1_290' title='bbox 1785 4070 1888 4149; x_wconf 92' lang='lat' dir='ltr'><strong>qui</strong></span> <span class='ocrx_word' id='word_1_291' title='bbox 1923 4077 2072 4138; x_wconf 89' lang='lat' dir='ltr'><strong>tum,</strong></span> <span class='ocrx_word' id='word_1_292' title='bbox 2101 4067 2180 4128; x_wconf 86' lang='lat' dir='ltr'><strong>ad</strong></span> <span class='ocrx_word' id='word_1_293' title='bbox 2203 4064 2632 4126; x_wconf 82' lang='lat' dir='ltr'><strong>sublevandam</strong></span> <span class='ocrx_word' id='word_1_294' title='bbox 2669 4065 2724 4124; x_wconf 82' lang='lat' dir='ltr'><strong>si</strong></span> <span class='ocrx_word' id='word_1_295' title='bbox 2763 4082 2892 4144; x_wconf 85' lang='lat' dir='ltr'><strong>qua</strong></span> 
     </span>
     <span class='ocr_line' id='line_1_38' title="bbox 974 4159 2888 4242; baseline -0.001 -21"><span class='ocrx_word' id='word_1_296' title='bbox 974 4172 1171 4242; x_wconf 87' lang='lat' dir='ltr'><strong>posset</strong></span> <span class='ocrx_word' id='word_1_297' title='bbox 1218 4164 1423 4242; x_wconf 81' lang='lat' dir='ltr'><strong>patriae</strong></span> <span class='ocrx_word' id='word_1_298' title='bbox 1458 4162 1888 4234; x_wconf 83' lang='lat' dir='ltr'><strong>calamitatem,</strong></span> <span class='ocrx_word' id='word_1_299' title='bbox 1928 4183 2008 4224; x_wconf 87' lang='lat' dir='ltr'><strong>ex</strong></span> <span class='ocrx_word' id='word_1_300' title='bbox 2051 4162 2269 4222; x_wconf 88' lang='lat' dir='ltr'><strong>Africa</strong></span> <span class='ocrx_word' id='word_1_301' title='bbox 2304 4181 2510 4222; x_wconf 87' lang='lat' dir='ltr'><strong>recens</strong></span> <span class='ocrx_word' id='word_1_302' title='bbox 2543 4159 2888 4220; x_wconf 80' lang='lat' dir='ltr'><strong>advenerat.</strong></span> 
     </span>
     <span class='ocr_line' id='line_1_39' title="bbox 975 4255 2886 4340; baseline -0.002 -23"><span class='ocrx_word' id='word_1_303' title='bbox 975 4257 1265 4318; x_wconf 86' lang='lat' dir='ltr'><strong>Aristidis</strong></span> <span class='ocrx_word' id='word_1_304' title='bbox 1289 4260 1447 4318; x_wconf 86' lang='lat' dir='ltr'><strong>enim</strong></span> <span class='ocrx_word' id='word_1_305' title='bbox 1472 4262 1684 4318; x_wconf 87' lang='lat' dir='ltr'><strong>summi</strong></span> <span class='ocrx_word' id='word_1_306' title='bbox 1711 4261 1950 4340; x_wconf 85' lang='lat' dir='ltr'><strong>pictoris</strong></span> <span class='ocrx_word' id='word_1_307' title='bbox 1977 4261 2256 4321; x_wconf 89' lang='lat' dir='ltr'><strong>Liberum</strong></span> <span class='ocrx_word' id='word_1_308' title='bbox 2281 4259 2552 4326; x_wconf 86' lang='lat' dir='ltr'><strong>Patrem,</strong></span> <span class='ocrx_word' id='word_1_309' title='bbox 2568 4257 2674 4337; x_wconf 87' lang='lat' dir='ltr'><strong>qui</strong></span> <span class='ocrx_word' id='word_1_310' title='bbox 2693 4255 2886 4326; x_wconf 81' lang='lat' dir='ltr'><strong>admi-</strong></span> 
     </span>
     <span class='ocr_line' id='line_1_40' title="bbox 974 4349 2887 4438; baseline -0.001 -24"><span class='ocrx_word' id='word_1_311' title='bbox 974 4356 1199 4416; x_wconf 85' lang='lat' dir='ltr'><strong>ratione</strong></span> <span class='ocrx_word' id='word_1_312' title='bbox 1242 4354 1654 4436; x_wconf 81' lang='lat' dir='ltr'><strong>perfectissimi</strong></span> <span class='ocrx_word' id='word_1_313' title='bbox 1697 4359 1892 4438; x_wconf 88' lang='lat' dir='ltr'><strong>operis</strong></span> <span class='ocrx_word' id='word_1_314' title='bbox 1937 4349 2268 4438; x_wconf 78' lang='lat' dir='ltr'><strong>proverbio,</strong></span> <span class='ocrx_word' id='word_1_315' title='bbox 2315 4367 2330 4390; x_wconf 90' lang='lat'>‘</span> <span class='ocrx_word' id='word_1_316' title='bbox 2354 4353 2500 4414; x_wconf 87' lang='lat' dir='ltr'><strong>nihil</strong></span> <span class='ocrx_word' id='word_1_317' title='bbox 2535 4349 2887 4434; x_wconf 54' lang='lat' dir='ltr'><strong>ad‚Diony-</strong></span> 
     </span>
    </p>
   </div>
  </div>
 </body>
</html>
