3225 5242
616 475 625 486 ’
657 521 833 586 4140

1610 537 1678 584 '1’-
1729 536 1916 586 lell

984 679 1063 738 sis
1104 675 1345 750 invidis,
1380 687 1577 740 vestra
1608 679 1924 741 commoda
1958 679 2190 761 ponetis
2229 677 2312 740 ob
2347 675 2573 749 oculos,
2601 677 2891 759 vobisque

984 774 1339 836 consuletis?
1418 773 1641 836 Totum
1663 777 1776 838 boe
1801 776 1964 857 quod
1991 778 2052 836 in
2078 777 2394 858 prasentia
2423 774 2672 854 agimus,
2699 793 2888 856 popu-

988 870 1110 932 lare
1134 881 1245 932 est.
1327 870 1722 932 Tribunorum
1757 873 1918 932 enim
1959 871 2152 955 plebis
2175 869 2560 934 creandorum
2594 869 2756 951 quod
2787 873 2896 950 jus

986 986 1283 1050 quemque
1308 987 1527 1029 morem
1552 988 1676 1029 esse
1701 977 1994 1050 oporteat,
2017 969 2318 1050 queritur.
2389 967 2608 1036 Quam
2631 975 2902 1048 potesta-

988 1073 1111 1125 tem
1136 1084 1253 1126 non
1278 1066 1483 1146 utique
1506 1074 1746 1127 senatus
1769 1066 2103 1128 introduxit
2139 1067 2201 1128 in
2229 1064 2680 1147 rempublicam.
2763 1063 2898 1124 Res

938 1181 947 1186 ’
988 1181 1127 1222 cum
1152 1181 1261 1244 per
1282 1183 1347 1223 se
1380 1163 1740 1243 nequissima,
1775 1171 1902 1223 tum
1933 1162 2010 1223 ad
2049 1163 2330 1224 tuendam
2361 1171 2618 1224 vestram
2649 1159 2896 1221 liberta·

992 1267 1113 1318 tem
1139 1259 1593 1340 pernecessaria,
1616 1260 1940 1322 secessione
1959 1258 2156 1340 plebis
2177 1266 2243 1319 et
2265 1259 2644 1321 contentione
2669 1275 2904 1317 summ

992 1354 1331 1434 extorqueri
1365 1353 1593 1416 debuit.
1678 1354 1832 1414 Eam
1873 1355 2050 1433 igitur
2079 1374 2186 1415 nos
2221 1363 2286 1416 et
2307 1356 2560 1416 retinere
2589 1361 2652 1413 et
2689 1371 2898 1414 ornare

992 1471 1071 1510 ex
1116 1459 1313 1512 vestra
1344 1451 1541 1531 potius
1574 1449 1882 1512 voluntate
1917 1470 2152 1530 mquum
2193 1459 2306 1522 est,
2338 1471 2520 1531 quam
2557 1469 2762 1510 eorum
2793 1449 2900 1528 qui

994 1548 1147 1608 banc
1173 1559 1282 1607 aut
1306 1565 1607 1626 nunquam
1633 1555 1859 1618 natam,
1885 1555 1994 1607 aut
2027 1555 2188 1608 certe
2213 1547 2562 1627 quantocius
2587 1535 2902 1616 abolitam,

992 1662 1131 1704 cum
1154 1643 1427 1703 omnibus
1451 1643 1555 1723 qui
1586 1641 1743 1704 banc
1767 1641 2116 1714 defendant,
2141 1643 2410 1725 cupiunt.

1016 1781 1023 1790 -
1076 1745 1178 1800 39.
1222 1746 1239 1774 ⁴
1260 1737 1431 1805 Quid
1474 1757 1614 1799 vero
1659 1737 1743 1797 ad
1787 1738 1897 1800 hos
1947 1740 2178 1811 attinet,
2221 1759 2372 1820 qnos
2414 1739 2588 1800 vobis
2615 1737 2904 1810 tribunos,

992 1843 1355 1918 eumyestra
1378 1834 1500 1893 sint
1516 1833 1786 1905 comitia,
1811 1843 1876 1895 et
1899 1835 2130 1916 quoties
2153 1833 2538 1918 praeficiatis?
2596 1833 2720 1894 Sed
2748 1853 2908 1916 prae-

994 1929 1145 1992 clari
1170 1930 1284 2001 illi,
1306 1931 1355 1990 si
1376 1928 1515 1990 Diis
1538 1929 1760 2010 placet,
1777 1931 1931 2009 juris
1950 1929 2174 2012 publici
2198 1930 2495 2002 custodes,
2519 1931 2774 1991 eundem
2797 1931 2910 1991 tri-

996 2027 1217 2088 bunum
1244 2025 1437 2106 plebis
1460 2025 1626 2088 refici
1659 2024 1752 2086 fas
1776 2047 1902 2087 esse
1929 2036 2184 2107 negant:
2225 2036 2291 2088 et
2318 2027 2396 2088 C.
2431 2027 2688 2108 Papirio
2731 2047 2906 2106 roga·

994 2123 1219 2186 tionem
1262 2142 1396 2183 eam
1430 2121 1640 2184 ferenti
1681 2122 2100 2202 obstrigillant.
2183 2124 2292 2185 An
2329 2123 2506 2203 igitur
2539 2143 2664 2184 rem
2689 2143 2908 2184 novam

996 2219 1113 2280 fert
1139 2219 1447 2300 Papirius,
1481 2239 1557 2280 an
1592 2220 1754 2301 quod
1795 2221 2120 2300 antiquitus
2144 2220 2544 2292 observatum,
2573 2241 2804 2302 semper
2829 2219 2912 2280 li-

996 2317 1181 2376 citum
1218 2315 1746 2398 fuit,.temporibus
1773 2316 2112 2397 reipublicae
2145 2317 2232 2377 sie
2257 2316 2660 2396 exigentibus,
2687 2315 2910 2378 refert?

1002 2409 1289 2473 Hodiene
1324 2413 1599 2494 primum,
1631 2433 1708 2473 an
1743 2432 1883 2473 vero
1923 2421 2060 2493 post
2083 2432 2273 2475 annos.
2293 2412 2773 2494 quadringentos,
2800 2433 2910 2494 po-

1002 2511 1231 2570 testatis
1275 2509 1431 2571 lianc
1470 2517 1686 2569 vestrm
1721 2517 1948 2589 partem
1977 2508 2387 2590 usurpabitis?
2469 2509 2656 2576 Quod
2684 2509 2810 2590 pati
2839 2509 2914 2569 iis

1004 2606 1371 2684 temporibus
1413 2604 1777 2677 Cincinnati,
1811 2613 1875 2666 et
1899 2603 2096 2679 Cossi,
2124 2615 2188 2666 et
2213 2603 2456 2665 Camilli
2485 2614 2820 2686 potnerunt,
2847 2605 2912 2666 id

1004 2701 1277 2760 nimirum
1302 2719 1557 2781 praesens
1582 2710 1729 2760 aetss
1751 2699 1903 2761 ferre
1929 2721 2047 2762 non
2076 2702 2336 2782 poterit?

1086 2804 1188 2856 40.
1234 2806 1251 2832 ⁴
1282 2796 1390 2880 An
1433 2797 1585 2858 forte
1632 2796 1742 2858 illo
1780 2796 2024 2878 quidem
2061 2819 2190 2858 aevo
2226 2799 2556 2860 neceoearia
2591 2798 2724 2859 haec
2747 2796 2916 2880 plebi

1007 2894 1207 2956 cautio
1235 2894 1369 2964 fuit,
1395 2894 1571 2955 hodie
1595 2895 1815 2956 servari
1841 2895 1988 2956 nihil
2016 2895 2270 2957 attinet?
2315 2893 2509 2956 Immo
2523 2915 2686 2966 vero,
2711 2896 2762 2956 si
2787 2895 2920 2955 ulla

1010 3012 1273 3072 unquam
1299 2991 1465 3052 fuere
1488 3000 1776 3073 tempora,
1802 3013 1936 3074 quoe
1961 2993 2252 3054 libertatis
2291 3001 2500 3053 vesu-ue
2523 2994 2716 3054 bonos
2737 2991 2918 3052 fidos-

1011 3109 1127 3168 que
1170 3087 1571 3150 desiderarent
1615 3098 2078 3171 propugnatores
2115 3098 2180 3150 et
2221 3097 2583 3162 constantes,
2609 3091 2724 3150 boc
2765 3089 2918 3148 illud

1010 3197 1125 3257 est,
1152 3186 1439 3253 Quirites.
1523 3185 1684 3247 Cum
1723 3188 1870 3248 inter
1914 3188 2306 3248 maximarum
2349 3207 2542 3248 rerum
2575 3185 2926 3268 disceptati-

1012 3303 1177 3351 ones,
1203 3282 1383 3343 iidem
1410 3292 1694 3363 perpetuo
1719 3283 1982 3344 homines
2003 3283 2232 3344 consilii
2261 3284 2483 3365 publici
2508 3285 2920 3344 auctoritatem

1013 3381 1297 3452 habeant,
1323 3380 1533 3440 vestris
1574 3381 1836 3462 patronis
1879 3401 2074 3442 annuo
2115 3380 2310 3462 spatio
2349 3391 2628 3461 satagunt
2652 3379 2820 3442 finire
2845 3379 2923 3439 li-

1014 3477 1154 3535 bere
1180 3496 1287 3557 pro
1312 3477 1504 3548 vobis,
1528 3486 1593 3536 et
1619 3477 1926 3558 aliquanto
1949 3475 2250 3539 efficacius
2269 3497 2448 3558 quam
2478 3476 2606 3538 fieri
2627 3499 2664 3538 a
2689 3478 2924 3559 privato

1016 3572 1221 3653 possit,
1250 3572 1463 3650 agendi
1490 3582 1861 3653 potestatem.
1947 3573 2134 3634 Hunc
2149 3573 2366 3636 deinde
2389 3593 2630 3646 annum,
2657 3573 2736 3634 ad
2758 3593 2924 3653 mag-

1018 3688 1097 3728 na
1122 3670 1363 3748 negotia
1382 3671 1559 3730 breve
1580 3680 1644 3730 et
1659 3670 1840 3732 velox
1855 3681 2109 3753 tempus,
2131 3672 2312 3732 variis
2335 3672 2558 3732 artibus
2573 3680 2882 3732 coarctant
2905 3691 2924 3732 τ

1017 3785 1459 3846 nonnunqum,
1480 3767 1585 3827 ubi
1610 3787 1776 3829 acres
1799 3768 1912 3828 sibi
1932 3769 2088 3829 viros
2105 3766 2324 3850 opponi
2340 3769 2618 3838 sentiunt,
2645 3767 2922 3828 differen-

1017 3872 1109 3923 tes
1128 3862 1411 3944 impetum
1436 3883 1451 3925 :
1479 3883 1640 3945 saepe
1665 3885 1772 3946 per
1791 3864 2052 3946 aliquem
2081 3885 2160 3925 ex
2175 3863 2450 3944 collegio,
2477 3862 2929 3957 quod-plerum-

1022 3980 1141 4039 que
1166 3980 1283 4020 non
1306 3968 1396 4020 est
1421 3958 1685 4032 difficile,
1714 3962 2036 4041 praesertim
2063 3961 2238 4021 enixe
2263 3961 2546 4021 dantibus
2569 3980 2832 4041 operam,
2859 3969 2930 4020 ut

1026 4056 1087 4115 in
1115 4064 1283 4116 tanto
1308 4076 1552 4116 numero
1578 4075 1760 4116 unum
1785 4055 2034 4138 aliquod
2057 4058 2418 4139 mancipium
2449 4075 2620 4116 suum
2642 4057 2924 4128 babeant,

1028 4153 1284 4233 optimas
1308 4153 1471 4231 leges
1495 4153 1857 4234 impediunt:
1899 4154 2194 4214 interdum
2219 4153 2280 4215 vi
2305 4164 2370 4216 et
2393 4156 2591 4226 armis,
2629 4173 2766 4214 cum
2791 4154 2928 4215 aliae

1030 4258 1183 4309 artes
1203 4249 1515 4310 infeliciter
1538 4259 1783 4310 tentatoe
1807 4249 2067 4321 fuerunt,
2084 4253 2225 4331 jure
2252 4261 2447 4311 nostro
2473 4249 2848 4331 depellimur.

1111 4352 1213 4405 41.
1258 4355 1274 4381 ‘
1305 4346 1615 4408 Adversus
1639 4349 1748 4409 hos
1772 4357 1894 4409 tam
1921 4348 2172 4410 infensos
2198 4359 2262 4409 et
2285 4358 2596 4430 perpetuos
2620 4357 2682 4407 et
2706 4348 2926 4408 instan-

1032 4450 1120 4500 tes
1147 4440 1533 4516 adversarios,
1559 4445 1808 4506 strenuis
1841 4465 1946 4506 vos
1971 4465 2118 4526 opus
2143 4445 2360 4506 habere
2383 4443 2808 4514 defensoribus,
2838 4463 2926 4504 re·
