<?xml version="1.0" encoding="UTF-8"?>
<!DOCTYPE html PUBLIC "-//W3C//DTD XHTML 1.0 Transitional//EN"
    "http://www.w3.org/TR/xhtml1/DTD/xhtml1-transitional.dtd">
<html xmlns="http://www.w3.org/1999/xhtml" xml:lang="en" lang="en">
 <head>
  <title>
</title>
<meta http-equiv="Content-Type" content="text/html;charset=utf-8" />
  <meta name='ocr-system' content='tesseract 3.04.00' />
  <meta name='ocr-capabilities' content='ocr_page ocr_carea ocr_par ocr_line ocrx_word'/>
</head>
<body>
  <div class='ocr_page' id='page_1' title='image "./tliviipatavinih36unkngoog_0126.png"; bbox 0 0 3225 5242; ppageno 0'>
   <div class='ocr_carea' id='block_1_1' title="bbox 796 434 973 510">
    <p class='ocr_par' dir='ltr' id='par_1_1' title="bbox 796 434 973 510">
     <span class='ocr_line' id='line_1_1' title="bbox 796 434 973 510; baseline -0.045 0"><span class='ocrx_word' id='word_1_1' title='bbox 796 434 973 510; x_wconf 78' lang='lat'>4⁰72</span> 
     </span>
    </p>
   </div>
   <div class='ocr_carea' id='block_1_2' title="bbox 1813 450 2066 503">
    <p class='ocr_par' dir='ltr' id='par_1_2' title="bbox 1813 450 2066 503">
     <span class='ocr_line' id='line_1_2' title="bbox 1813 450 2066 503; baseline 0 -1"><span class='ocrx_word' id='word_1_2' title='bbox 1813 450 2066 503; x_wconf 75' lang='lat' dir='ltr'><strong>·1.1vu</strong></span> 
     </span>
    </p>
   </div>
   <div class='ocr_carea' id='block_1_3' title="bbox 1120 593 3014 756">
    <p class='ocr_par' dir='ltr' id='par_1_3' title="bbox 1120 593 3014 756">
     <span class='ocr_line' id='line_1_3' title="bbox 1120 593 3014 679; baseline 0.001 -23"><span class='ocrx_word' id='word_1_3' title='bbox 1120 595 1271 665; x_wconf 79' lang='lat' dir='ltr'><strong>riam</strong></span> <span class='ocrx_word' id='word_1_4' title='bbox 1306 613 1345 656; x_wconf 91' lang='lat' dir='ltr'><strong>e</strong></span> <span class='ocrx_word' id='word_1_5' title='bbox 1374 594 1648 658; x_wconf 85' lang='lat' dir='ltr'><strong>manibus</strong></span> <span class='ocrx_word' id='word_1_6' title='bbox 1677 593 2044 660; x_wconf 83' lang='lat' dir='ltr'><strong>dimiserunt.</strong></span> <span class='ocrx_word' id='word_1_7' title='bbox 2127 593 2382 660; x_wconf 69' lang='lat' dir='ltr'><strong>numm</strong></span> <span class='ocrx_word' id='word_1_8' title='bbox 2409 613 2548 658; x_wconf 83' lang='lat' dir='ltr'><strong>curn</strong></span> <span class='ocrx_word' id='word_1_9' title='bbox 2575 595 2770 679; x_wconf 84' lang='lat' dir='ltr'><strong>copiis</strong></span> <span class='ocrx_word' id='word_1_10' title='bbox 2800 605 2889 666; x_wconf 89' lang='lat' dir='ltr'><strong>et</strong></span> <span class='ocrx_word' id='word_1_11' title='bbox 2900 596 3014 658; x_wconf 76' lang='lat' dir='ltr'><strong>fru-</strong></span> 
     </span>
     <span class='ocr_line' id='line_1_4' title="bbox 1121 692 1853 756; baseline 0.004 -4"><span class='ocrx_word' id='word_1_12' title='bbox 1121 699 1324 752; x_wconf 86' lang='lat' dir='ltr'><strong>mento</strong></span> <span class='ocrx_word' id='word_1_13' title='bbox 1350 692 1409 752; x_wconf 89' lang='lat' dir='ltr'><strong>in</strong></span> <span class='ocrx_word' id='word_1_14' title='bbox 1434 700 1634 754; x_wconf 74' lang='lat' dir='ltr'><strong>cestra</strong></span> <span class='ocrx_word' id='word_1_15' title='bbox 1656 692 1853 756; x_wconf 84' lang='lat' dir='ltr'><strong>rediit.</strong></span> 
     </span>
    </p>
   </div>
   <div class='ocr_carea' id='block_1_4' title="bbox 1122 785 3016 1261">
    <p class='ocr_par' dir='ltr' id='par_1_4' title="bbox 1122 785 3016 1261">
     <span class='ocr_line' id='line_1_5' title="bbox 1204 785 3016 871; baseline 0.002 -21"><span class='ocrx_word' id='word_1_16' title='bbox 1204 794 1267 850; x_wconf 82' lang='grc'><strong>9.</strong></span> <span class='ocrx_word' id='word_1_17' title='bbox 1310 785 1459 850; x_wconf 87' lang='lat' dir='ltr'><strong>Non</strong></span> <span class='ocrx_word' id='word_1_18' title='bbox 1494 797 1710 850; x_wconf 84' lang='lat' dir='ltr'><strong>tamen</strong></span> <span class='ocrx_word' id='word_1_19' title='bbox 1737 788 1876 852; x_wconf 88' lang='lat' dir='ltr'><strong>ideo</strong></span> <span class='ocrx_word' id='word_1_20' title='bbox 1910 788 2100 851; x_wconf 78' lang='lat' dir='ltr'><strong>fames</strong></span> <span class='ocrx_word' id='word_1_21' title='bbox 2138 798 2205 850; x_wconf 86' lang='lat' dir='ltr'><strong>et</strong></span> <span class='ocrx_word' id='word_1_22' title='bbox 2242 788 2446 871; x_wconf 85' lang='lat' dir='ltr'><strong>inopia</strong></span> <span class='ocrx_word' id='word_1_23' title='bbox 2477 787 2702 852; x_wconf 79' lang='lat' dir='ltr'><strong>diutius</strong></span> <span class='ocrx_word' id='word_1_24' title='bbox 2737 810 2780 850; x_wconf 85' lang='lat' dir='ltr'><strong>a</strong></span> <span class='ocrx_word' id='word_1_25' title='bbox 2821 790 3016 853; x_wconf 72' lang='lat' dir='ltr'><strong>castris</strong></span> 
     </span>
     <span class='ocr_line' id='line_1_6' title="bbox 1124 883 3014 968; baseline 0.001 -22"><span class='ocrx_word' id='word_1_26' title='bbox 1124 883 1419 947; x_wconf 87' lang='lat' dir='ltr'><strong>Romanis</strong></span> <span class='ocrx_word' id='word_1_27' title='bbox 1442 887 1626 948; x_wconf 79' lang='lat' dir='ltr'><strong>arceri</strong></span> <span class='ocrx_word' id='word_1_28' title='bbox 1649 887 1866 968; x_wconf 88' lang='lat' dir='ltr'><strong>potnit,</strong></span> <span class='ocrx_word' id='word_1_29' title='bbox 1889 886 2210 948; x_wconf 88' lang='lat' dir='ltr'><strong>consumtis</strong></span> <span class='ocrx_word' id='word_1_30' title='bbox 2239 887 2400 948; x_wconf 86' lang='lat' dir='ltr'><strong>circa</strong></span> <span class='ocrx_word' id='word_1_31' title='bbox 2421 887 2715 959; x_wconf 85' lang='lat' dir='ltr'><strong>omnibus,</strong></span> <span class='ocrx_word' id='word_1_32' title='bbox 2735 895 2847 948; x_wconf 82' lang='lat' dir='ltr'><strong>aut</strong></span> <span class='ocrx_word' id='word_1_33' title='bbox 2867 897 3014 950; x_wconf 87' lang='lat' dir='ltr'><strong>metu</strong></span> 
     </span>
     <span class='ocr_line' id='line_1_7' title="bbox 1122 982 3012 1068; baseline 0.001 -25"><span class='ocrx_word' id='word_1_34' title='bbox 1122 982 1505 1054; x_wconf 75' lang='lat' dir='ltr'><strong>barbarorum</strong></span> <span class='ocrx_word' id='word_1_35' title='bbox 1530 984 1791 1046; x_wconf 73' lang='lat' dir='ltr'><strong>intactis.</strong></span> <span class='ocrx_word' id='word_1_36' title='bbox 1869 982 2128 1065; x_wconf 81' lang='lat' dir='ltr'><strong>Jamque</strong></span> <span class='ocrx_word' id='word_1_37' title='bbox 2151 1003 2268 1045; x_wconf 89' lang='lat' dir='ltr'><strong>non</strong></span> <span class='ocrx_word' id='word_1_38' title='bbox 2287 983 2462 1045; x_wconf 87' lang='lat' dir='ltr'><strong>modo</strong></span> <span class='ocrx_word' id='word_1_39' title='bbox 2477 987 2760 1065; x_wconf 84' lang='lat' dir='ltr'><strong>jumenta</strong></span> <span class='ocrx_word' id='word_1_40' title='bbox 2785 986 3012 1068; x_wconf 70' lang='lat' dir='ltr'><strong>panim,</strong></span> 
     </span>
     <span class='ocr_line' id='line_1_8' title="bbox 1122 1080 3016 1164; baseline 0 -22"><span class='ocrx_word' id='word_1_41' title='bbox 1122 1080 1229 1142; x_wconf 89' lang='lat' dir='ltr'><strong>sed</strong></span> <span class='ocrx_word' id='word_1_42' title='bbox 1252 1081 1518 1148; x_wconf 86' lang='lat' dir='ltr'><strong>homines</strong></span> <span class='ocrx_word' id='word_1_43' title='bbox 1541 1101 1781 1163; x_wconf 86' lang='lat' dir='ltr'><strong>quoque</strong></span> <span class='ocrx_word' id='word_1_44' title='bbox 1815 1081 1986 1142; x_wconf 85' lang='lat' dir='ltr'><strong>multi</strong></span> <span class='ocrx_word' id='word_1_45' title='bbox 2013 1081 2451 1144; x_wconf 86' lang='lat' dir='ltr'><strong>moriebantur:</strong></span> <span class='ocrx_word' id='word_1_46' title='bbox 2492 1081 2686 1144; x_wconf 88' lang='lat' dir='ltr'><strong>donec</strong></span> <span class='ocrx_word' id='word_1_47' title='bbox 2721 1083 2886 1144; x_wconf 90' lang='lat' dir='ltr'><strong>omni</strong></span> <span class='ocrx_word' id='word_1_48' title='bbox 2921 1103 3016 1164; x_wconf 79' lang='lat' dir='ltr'><strong>pa·</strong></span> 
     </span>
     <span class='ocr_line' id='line_1_9' title="bbox 1122 1177 3014 1261; baseline 0 -21"><span class='ocrx_word' id='word_1_49' title='bbox 1122 1177 1335 1240; x_wconf 85' lang='lat' dir='ltr'><strong>tientia</strong></span> <span class='ocrx_word' id='word_1_50' title='bbox 1370 1199 1593 1259; x_wconf 82' lang='lat' dir='ltr'><strong>speque</strong></span> <span class='ocrx_word' id='word_1_51' title='bbox 1629 1187 1937 1241; x_wconf 84' lang='lat' dir='ltr'><strong>consumta</strong></span> <span class='ocrx_word' id='word_1_52' title='bbox 1975 1177 2286 1260; x_wconf 88' lang='lat' dir='ltr'><strong>proconsul</strong></span> <span class='ocrx_word' id='word_1_53' title='bbox 2323 1187 2562 1261; x_wconf 82' lang='lat' dir='ltr'><strong>repente</strong></span> <span class='ocrx_word' id='word_1_54' title='bbox 2595 1181 2710 1242; x_wconf 88' lang='lat' dir='ltr'><strong>sub</strong></span> <span class='ocrx_word' id='word_1_55' title='bbox 2753 1190 3014 1260; x_wconf 79' lang='lat' dir='ltr'><strong>quartam</strong></span> 
     </span>
    </p>
   </div>
   <div class='ocr_carea' id='block_1_5' title="bbox 1039 1274 3014 1358">
    <p class='ocr_par' dir='ltr' id='par_1_5' title="bbox 1039 1274 3014 1358">
     <span class='ocr_line' id='line_1_10' title="bbox 1039 1274 3014 1358; baseline -0.001 -18"><span class='ocrx_word' id='word_1_56' title='bbox 1039 1320 1048 1329; x_wconf 85' lang='lat'><strong>·</strong></span> <span class='ocrx_word' id='word_1_57' title='bbox 1122 1276 1385 1358; x_wconf 77' lang='lat' dir='ltr'><strong>vigiliam</strong></span> <span class='ocrx_word' id='word_1_58' title='bbox 1404 1275 1589 1337; x_wconf 88' lang='lat' dir='ltr'><strong>indici</strong></span> <span class='ocrx_word' id='word_1_59' title='bbox 1612 1274 2035 1358; x_wconf 74' lang='lat' dir='ltr'><strong>profectionem</strong></span> <span class='ocrx_word' id='word_1_60' title='bbox 2050 1277 2249 1357; x_wconf 83' lang='lat' dir='ltr'><strong>jussit.</strong></span> <span class='ocrx_word' id='word_1_61' title='bbox 2318 1275 2422 1338; x_wconf 89' lang='lat' dir='ltr'><strong>Ibi</strong></span> <span class='ocrx_word' id='word_1_62' title='bbox 2443 1276 2774 1358; x_wconf 82' lang='lat' dir='ltr'><strong>longinqua</strong></span> <span class='ocrx_word' id='word_1_63' title='bbox 2795 1279 3014 1338; x_wconf 84' lang='lat' dir='ltr'><strong>miseria</strong></span> 
     </span>
    </p>
   </div>
   <div class='ocr_carea' id='block_1_6' title="bbox 1122 1374 3014 1840">
    <p class='ocr_par' dir='ltr' id='par_1_6' title="bbox 1122 1374 3014 1840">
     <span class='ocr_line' id='line_1_11' title="bbox 1122 1374 3012 1450; baseline -0.001 -13"><span class='ocrx_word' id='word_1_64' title='bbox 1122 1384 1189 1438; x_wconf 90' lang='lat' dir='ltr'><strong>et</strong></span> <span class='ocrx_word' id='word_1_65' title='bbox 1222 1383 1440 1437; x_wconf 87' lang='lat' dir='ltr'><strong>terrore</strong></span> <span class='ocrx_word' id='word_1_66' title='bbox 1474 1375 1694 1447; x_wconf 84' lang='lat' dir='ltr'><strong>subito,</strong></span> <span class='ocrx_word' id='word_1_67' title='bbox 1727 1374 1826 1435; x_wconf 89' lang='lat' dir='ltr'><strong>cui</strong></span> <span class='ocrx_word' id='word_1_68' title='bbox 1859 1374 2106 1450; x_wconf 80' lang='lat' dir='ltr'><strong>licentia</strong></span> <span class='ocrx_word' id='word_1_69' title='bbox 2137 1374 2328 1436; x_wconf 86' lang='lat' dir='ltr'><strong>noctis</strong></span> <span class='ocrx_word' id='word_1_70' title='bbox 2357 1383 2711 1447; x_wconf 73' lang='lat' dir='ltr'><strong>accesserat,</strong></span> <span class='ocrx_word' id='word_1_71' title='bbox 2749 1377 2898 1436; x_wconf 86' lang='lat' dir='ltr'><strong>nihil</strong></span> <span class='ocrx_word' id='word_1_72' title='bbox 2927 1397 3012 1436; x_wconf 90' lang='lat' dir='ltr'><strong>or-</strong></span> 
     </span>
     <span class='ocr_line' id='line_1_12' title="bbox 1124 1471 3014 1552; baseline 0.001 -20"><span class='ocrx_word' id='word_1_73' title='bbox 1124 1471 1285 1544; x_wconf 82' lang='lat' dir='ltr'><strong>dine,</strong></span> <span class='ocrx_word' id='word_1_74' title='bbox 1322 1471 1475 1532; x_wconf 85' lang='lat' dir='ltr'><strong>nihil</strong></span> <span class='ocrx_word' id='word_1_75' title='bbox 1518 1471 1768 1534; x_wconf 87' lang='lat' dir='ltr'><strong>consilio</strong></span> <span class='ocrx_word' id='word_1_76' title='bbox 1817 1479 2066 1552; x_wconf 85' lang='lat' dir='ltr'><strong>gestum.</strong></span> <span class='ocrx_word' id='word_1_77' title='bbox 2153 1471 2538 1552; x_wconf 72' lang='lat' dir='ltr'>Urgebantur</span> <span class='ocrx_word' id='word_1_78' title='bbox 2577 1493 2619 1534; x_wconf 85' lang='lat' dir='ltr'><strong>a</strong></span> <span class='ocrx_word' id='word_1_79' title='bbox 2661 1473 2916 1534; x_wconf 84' lang='lat' dir='ltr'><strong>tribunis</strong></span> <span class='ocrx_word' id='word_1_80' title='bbox 2959 1483 3014 1534; x_wconf 89' lang='lat' dir='ltr'><strong>et</strong></span> 
     </span>
     <span class='ocr_line' id='line_1_13' title="bbox 1124 1557 3014 1651; baseline 0.001 -21"><span class='ocrx_word' id='word_1_81' title='bbox 1124 1568 1565 1630; x_wconf 75' lang='lat' dir='ltr'><strong>centurionibus</strong></span> <span class='ocrx_word' id='word_1_82' title='bbox 1598 1589 1704 1651; x_wconf 85' lang='lat' dir='ltr'><strong>per</strong></span> <span class='ocrx_word' id='word_1_83' title='bbox 1720 1557 1916 1631; x_wconf 64' lang='lat' dir='ltr'><strong>castra</strong></span> <span class='ocrx_word' id='word_1_84' title='bbox 1939 1569 2416 1642; x_wconf 75' lang='lat' dir='ltr'><strong>discurrentibus,</strong></span> <span class='ocrx_word' id='word_1_85' title='bbox 2443 1579 2510 1630; x_wconf 88' lang='lat' dir='ltr'><strong>ut</strong></span> <span class='ocrx_word' id='word_1_86' title='bbox 2533 1577 2674 1632; x_wconf 85' lang='lat' dir='ltr'><strong>ante</strong></span> <span class='ocrx_word' id='word_1_87' title='bbox 2701 1569 2894 1632; x_wconf 86' lang='lat' dir='ltr'><strong>lucem</strong></span> <span class='ocrx_word' id='word_1_88' title='bbox 2917 1573 3014 1632; x_wconf 86' lang='lat' dir='ltr'><strong>iter</strong></span> 
     </span>
     <span class='ocr_line' id='line_1_14' title="bbox 1126 1664 3010 1746; baseline 0.002 -22"><span class='ocrx_word' id='word_1_89' title='bbox 1126 1664 1587 1746; x_wconf 74' lang='lat' dir='ltr'><strong>ingrederentur.</strong></span> <span class='ocrx_word' id='word_1_90' title='bbox 1693 1665 1794 1728; x_wconf 85' lang='lat' dir='ltr'><strong>Ea</strong></span> <span class='ocrx_word' id='word_1_91' title='bbox 1843 1664 2142 1728; x_wconf 74' lang='lat' dir='ltr'><strong>festinatio</strong></span> <span class='ocrx_word' id='word_1_92' title='bbox 2183 1667 2498 1730; x_wconf 86' lang='lat' dir='ltr'><strong>tumultum</strong></span> <span class='ocrx_word' id='word_1_93' title='bbox 2541 1667 2796 1728; x_wconf 81' lang='lat' dir='ltr'><strong>mirifice</strong></span> <span class='ocrx_word' id='word_1_94' title='bbox 2837 1668 3010 1738; x_wconf 79' lang='lat' dir='ltr'><strong>auxit,</strong></span> 
     </span>
     <span class='ocr_line' id='line_1_15' title="bbox 1124 1762 3011 1840; baseline 0 -16"><span class='ocrx_word' id='word_1_95' title='bbox 1124 1781 1265 1824; x_wconf 87' lang='lat' dir='ltr'><strong>cum</strong></span> <span class='ocrx_word' id='word_1_96' title='bbox 1287 1763 1485 1824; x_wconf 87' lang='lat' dir='ltr'><strong>subito</strong></span> <span class='ocrx_word' id='word_1_97' title='bbox 1512 1762 1813 1825; x_wconf 74' lang='lat' dir='ltr'><strong>discedere</strong></span> <span class='ocrx_word' id='word_1_98' title='bbox 1837 1765 2084 1840; x_wconf 79' lang='lat' dir='ltr'><strong>coactis,</strong></span> <span class='ocrx_word' id='word_1_99' title='bbox 2113 1765 2260 1826; x_wconf 84' lang='lat' dir='ltr'><strong>nibil</strong></span> <span class='ocrx_word' id='word_1_100' title='bbox 2297 1766 2358 1827; x_wconf 86' lang='lat' dir='ltr'><strong>in</strong></span> <span class='ocrx_word' id='word_1_101' title='bbox 2393 1785 2562 1826; x_wconf 86' lang='lat' dir='ltr'><strong>usum</strong></span> <span class='ocrx_word' id='word_1_102' title='bbox 2595 1765 2847 1838; x_wconf 53' lang='lat' dir='ltr'><strong>itineris}</strong></span> <span class='ocrx_word' id='word_1_103' title='bbox 2883 1763 3011 1826; x_wconf 85' lang='lat' dir='ltr'><strong>nihil</strong></span> 
     </span>
    </p>
   </div>
   <div class='ocr_carea' id='block_1_7' title="bbox 1092 1858 2196 1942">
    <p class='ocr_par' dir='ltr' id='par_1_7' title="bbox 1092 1858 2196 1942">
     <span class='ocr_line' id='line_1_16' title="bbox 1092 1858 2196 1942; baseline 0.005 -24"><span class='ocrx_word' id='word_1_104' title='bbox 1092 1908 1100 1916; x_wconf 89' lang='lat'>.</span> <span class='ocrx_word' id='word_1_105' title='bbox 1126 1858 1407 1921; x_wconf 80' lang='lat' dir='ltr'><strong>adversus</strong></span> <span class='ocrx_word' id='word_1_106' title='bbox 1432 1860 1662 1921; x_wconf 81' lang='lat' dir='ltr'><strong>bostem</strong></span> <span class='ocrx_word' id='word_1_107' title='bbox 1685 1861 1984 1942; x_wconf 76' lang='lat' dir='ltr'><strong>provisum</strong></span> <span class='ocrx_word' id='word_1_108' title='bbox 2020 1871 2196 1924; x_wconf 84' lang='lat' dir='ltr'><strong>esset.</strong></span> 
     </span>
    </p>
   </div>
   <div class='ocr_carea' id='block_1_8' title="bbox 1126 1956 3012 3501">
    <p class='ocr_par' dir='ltr' id='par_1_8' title="bbox 1126 1956 3012 2821">
     <span class='ocr_line' id='line_1_17' title="bbox 1206 1956 3012 2041; baseline 0 -23"><span class='ocrx_word' id='word_1_109' title='bbox 1206 1964 1310 2018; x_wconf 87' lang='grc'><strong>10.</strong></span> <span class='ocrx_word' id='word_1_110' title='bbox 1338 1956 1465 2019; x_wconf 84' lang='lat' dir='ltr'><strong>Sua</strong></span> <span class='ocrx_word' id='word_1_111' title='bbox 1488 1965 1697 2039; x_wconf 83' lang='lat' dir='ltr'><strong>sponte</strong></span> <span class='ocrx_word' id='word_1_112' title='bbox 1721 1958 1984 2041; x_wconf 85' lang='lat' dir='ltr'><strong>trepidos</strong></span> <span class='ocrx_word' id='word_1_113' title='bbox 1997 1961 2186 2040; x_wconf 86' lang='lat' dir='ltr'><strong>magis</strong></span> <span class='ocrx_word' id='word_1_114' title='bbox 2207 1959 2390 2022; x_wconf 81' lang='lat' dir='ltr'><strong>etiam</strong></span> <span class='ocrx_word' id='word_1_115' title='bbox 2411 1962 2874 2022; x_wconf 74' lang='lat' dir='ltr'><strong>consternabant</strong></span> <span class='ocrx_word' id='word_1_116' title='bbox 2891 1977 3012 2018; x_wconf 81' lang='lat' dir='ltr'><strong>sau·</strong></span> 
     </span>
     <span class='ocr_line' id='line_1_18' title="bbox 1126 2053 3012 2138; baseline 0 -22"><span class='ocrx_word' id='word_1_117' title='bbox 1126 2053 1353 2116; x_wconf 85' lang='lat' dir='ltr'><strong>ciorum</strong></span> <span class='ocrx_word' id='word_1_118' title='bbox 1378 2074 1784 2137; x_wconf 68' lang='lat' dir='ltr'><strong>aegrorumque</strong></span> <span class='ocrx_word' id='word_1_119' title='bbox 1806 2055 1982 2118; x_wconf 89' lang='lat' dir='ltr'><strong>fletus</strong></span> <span class='ocrx_word' id='word_1_120' title='bbox 2004 2065 2068 2118; x_wconf 88' lang='lat' dir='ltr'><strong>et</strong></span> <span class='ocrx_word' id='word_1_121' title='bbox 2091 2056 2370 2138; x_wconf 71' lang='lat' dir='ltr'><strong>querelae,</strong></span> <span class='ocrx_word' id='word_1_122' title='bbox 2405 2058 2508 2138; x_wconf 90' lang='lat' dir='ltr'><strong>qui</strong></span> <span class='ocrx_word' id='word_1_123' title='bbox 2524 2056 2864 2118; x_wconf 83' lang='lat' dir='ltr'><strong>circumfusi</strong></span> <span class='ocrx_word' id='word_1_124' title='bbox 2885 2073 3012 2116; x_wconf 78' lang='lat' dir='ltr'><strong>vasa</strong></span> 
     </span>
     <span class='ocr_line' id='line_1_19' title="bbox 1126 2149 3012 2235; baseline 0.001 -23"><span class='ocrx_word' id='word_1_125' title='bbox 1126 2149 1571 2232; x_wconf 77' lang='lat' dir='ltr'><strong>colligentibus,</strong></span> <span class='ocrx_word' id='word_1_126' title='bbox 1612 2152 1916 2235; x_wconf 82' lang='lat' dir='ltr'><strong>complexi</strong></span> <span class='ocrx_word' id='word_1_127' title='bbox 1959 2154 2264 2227; x_wconf 85' lang='lat' dir='ltr'><strong>abeuntes,</strong></span> <span class='ocrx_word' id='word_1_128' title='bbox 2297 2155 2500 2219; x_wconf 86' lang='lat' dir='ltr'><strong>omnia</strong></span> <span class='ocrx_word' id='word_1_129' title='bbox 2537 2153 3012 2215; x_wconf 68' lang='lat' dir='ltr'><strong>neeesimdinm</strong></span> 
     </span>
     <span class='ocr_line' id='line_1_20' title="bbox 1128 2249 3009 2331; baseline 0.001 -22"><span class='ocrx_word' id='word_1_130' title='bbox 1128 2266 1544 2331; x_wconf 75' lang='lat' dir='ltr'><strong>sacrorumque</strong></span> <span class='ocrx_word' id='word_1_131' title='bbox 1568 2251 1808 2312; x_wconf 87' lang='lat' dir='ltr'><strong>nomina</strong></span> <span class='ocrx_word' id='word_1_132' title='bbox 1831 2251 2094 2324; x_wconf 89' lang='lat' dir='ltr'><strong>ciebant,</strong></span> <span class='ocrx_word' id='word_1_133' title='bbox 2119 2251 2416 2314; x_wconf 81' lang='lat' dir='ltr'><strong>invalidos</strong></span> <span class='ocrx_word' id='word_1_134' title='bbox 2440 2272 2514 2314; x_wconf 78' lang='lat' dir='ltr'><strong>nc</strong></span> <span class='ocrx_word' id='word_1_135' title='bbox 2537 2249 2870 2312; x_wconf 83' lang='lat' dir='ltr'><strong>indefensos</strong></span> <span class='ocrx_word' id='word_1_136' title='bbox 2891 2252 3009 2310; x_wconf 80' lang='lat' dir='ltr'><strong>ber·</strong></span> 
     </span>
     <span class='ocr_line' id='line_1_21' title="bbox 1126 2343 3007 2430; baseline 0 -23"><span class='ocrx_word' id='word_1_137' title='bbox 1126 2343 1277 2408; x_wconf 84' lang='lat' dir='ltr'><strong>baro</strong></span> <span class='ocrx_word' id='word_1_138' title='bbox 1303 2347 1649 2430; x_wconf 74' lang='lat' dir='ltr'><strong>irritatoque</strong></span> <span class='ocrx_word' id='word_1_139' title='bbox 1671 2348 1827 2411; x_wconf 86' lang='lat' dir='ltr'><strong>hosti</strong></span> <span class='ocrx_word' id='word_1_140' title='bbox 1849 2349 1926 2410; x_wconf 86' lang='lat' dir='ltr'><strong>ad</strong></span> <span class='ocrx_word' id='word_1_141' title='bbox 1946 2359 2214 2412; x_wconf 82' lang='lat' dir='ltr'><strong>extrema</strong></span> <span class='ocrx_word' id='word_1_142' title='bbox 2237 2349 2610 2411; x_wconf 73' lang='lat' dir='ltr'><strong>crudelitatis</strong></span> <span class='ocrx_word' id='word_1_143' title='bbox 2631 2347 2909 2430; x_wconf 77' lang='lat' dir='ltr'><strong>exempla</strong></span> <span class='ocrx_word' id='word_1_144' title='bbox 2926 2365 3007 2406; x_wconf 75' lang='lat' dir='ltr'><strong>re-</strong></span> 
     </span>
     <span class='ocr_line' id='line_1_22' title="bbox 1129 2440 3011 2529; baseline -0.001 -26"><span class='ocrx_word' id='word_1_145' title='bbox 1129 2440 1319 2523; x_wconf 89' lang='lat' dir='ltr'><strong>linqui</strong></span> <span class='ocrx_word' id='word_1_146' title='bbox 1344 2443 1749 2526; x_wconf 76' lang='lat' dir='ltr'><strong>deprecantes.</strong></span> <span class='ocrx_word' id='word_1_147' title='bbox 1833 2445 1968 2508; x_wconf 87' lang='lat' dir='ltr'><strong>Ubi</strong></span> <span class='ocrx_word' id='word_1_148' title='bbox 1999 2447 2174 2508; x_wconf 89' lang='lat' dir='ltr'><strong>timor</strong></span> <span class='ocrx_word' id='word_1_149' title='bbox 2204 2449 2522 2529; x_wconf 83' lang='lat' dir='ltr'><strong>occupavit</strong></span> <span class='ocrx_word' id='word_1_150' title='bbox 2558 2447 2807 2519; x_wconf 80' lang='lat' dir='ltr'><strong>animos,</strong></span> <span class='ocrx_word' id='word_1_151' title='bbox 2837 2443 3011 2505; x_wconf 83' lang='lat' dir='ltr'><strong>nullus</strong></span> 
     </span>
     <span class='ocr_line' id='line_1_23' title="bbox 1130 2539 3009 2626; baseline 0 -26"><span class='ocrx_word' id='word_1_152' title='bbox 1130 2539 1341 2620; x_wconf 87' lang='lat' dir='ltr'><strong>pietati</strong></span> <span class='ocrx_word' id='word_1_153' title='bbox 1364 2540 1531 2604; x_wconf 91' lang='lat' dir='ltr'><strong>locus</strong></span> <span class='ocrx_word' id='word_1_154' title='bbox 1554 2563 1680 2604; x_wconf 87' lang='lat' dir='ltr'><strong>esse</strong></span> <span class='ocrx_word' id='word_1_155' title='bbox 1705 2552 1918 2625; x_wconf 86' lang='lat' dir='ltr'><strong>potest.</strong></span> <span class='ocrx_word' id='word_1_156' title='bbox 2001 2544 2133 2606; x_wconf 90' lang='lat' dir='ltr'><strong>Pro</strong></span> <span class='ocrx_word' id='word_1_157' title='bbox 2161 2565 2225 2606; x_wconf 89' lang='lat' dir='ltr'><strong>se</strong></span> <span class='ocrx_word' id='word_1_158' title='bbox 2249 2545 2512 2626; x_wconf 84' lang='lat' dir='ltr'><strong>quisque&#39;</strong></span> <span class='ocrx_word' id='word_1_159' title='bbox 2522 2545 2784 2606; x_wconf 82' lang='lat' dir='ltr'><strong>vicinum</strong></span> <span class='ocrx_word' id='word_1_160' title='bbox 2805 2542 3009 2624; x_wconf 87' lang='lat' dir='ltr'><strong>pericu·</strong></span> 
     </span>
     <span class='ocr_line' id='line_1_24' title="bbox 1131 2635 3008 2725; baseline 0.002 -30"><span class='ocrx_word' id='word_1_161' title='bbox 1131 2635 1255 2696; x_wconf 92' lang='lat' dir='ltr'><strong>lum</strong></span> <span class='ocrx_word' id='word_1_162' title='bbox 1280 2640 1443 2700; x_wconf 85' lang='lat' dir='ltr'><strong>exire</strong></span> <span class='ocrx_word' id='word_1_163' title='bbox 1468 2642 1727 2724; x_wconf 88' lang='lat' dir='ltr'><strong>properi,</strong></span> <span class='ocrx_word' id='word_1_164' title='bbox 1763 2641 1904 2704; x_wconf 91' lang='lat' dir='ltr'><strong>dum</strong></span> <span class='ocrx_word' id='word_1_165' title='bbox 1929 2662 2038 2704; x_wconf 88' lang='lat' dir='ltr'><strong>sua</strong></span> <span class='ocrx_word' id='word_1_166' title='bbox 2059 2661 2308 2725; x_wconf 81' lang='lat' dir='ltr'><strong>corpora</strong></span> <span class='ocrx_word' id='word_1_167' title='bbox 2331 2651 2651 2715; x_wconf 73' lang='lat' dir='ltr'><strong>servarent,</strong></span> <span class='ocrx_word' id='word_1_168' title='bbox 2689 2641 2834 2702; x_wconf 86' lang='lat' dir='ltr'><strong>nihil</strong></span> <span class='ocrx_word' id='word_1_169' title='bbox 2865 2637 3008 2721; x_wconf 78' lang='lat' dir='ltr'><strong>pensi</strong></span> 
     </span>
     <span class='ocr_line' id='line_1_25' title="bbox 1132 2731 2820 2821; baseline 0.003 -28"><span class='ocrx_word' id='word_1_170' title='bbox 1132 2731 1438 2796; x_wconf 80' lang='lat' dir='ltr'><strong>habebant</strong></span> <span class='ocrx_word' id='word_1_171' title='bbox 1460 2737 1712 2799; x_wconf 81' lang='lat' dir='ltr'><strong>aliarum</strong></span> <span class='ocrx_word' id='word_1_172' title='bbox 1737 2759 1928 2800; x_wconf 86' lang='lat' dir='ltr'><strong>rerum</strong></span> <span class='ocrx_word' id='word_1_173' title='bbox 1952 2741 2212 2801; x_wconf 86' lang='lat' dir='ltr'><strong>omnium</strong></span> <span class='ocrx_word' id='word_1_174' title='bbox 2237 2740 2550 2802; x_wconf 85' lang='lat' dir='ltr'><strong>amissione</strong></span> <span class='ocrx_word' id='word_1_175' title='bbox 2577 2740 2820 2821; x_wconf 80' lang='lat' dir='ltr'><strong>pacisci.</strong></span> 
     </span>
    </p>

    <p class='ocr_par' dir='ltr' id='par_1_9' title="bbox 1132 2833 3009 3501">
     <span class='ocr_line' id='line_1_26' title="bbox 1211 2833 3008 2920; baseline 0 -28"><span class='ocrx_word' id='word_1_176' title='bbox 1211 2839 1316 2893; x_wconf 88' lang='lat'><strong>11.</strong></span> <span class='ocrx_word' id='word_1_177' title='bbox 1358 2833 1523 2915; x_wconf 89' lang='lat' dir='ltr'><strong>Ergo</strong></span> <span class='ocrx_word' id='word_1_178' title='bbox 1546 2835 1713 2896; x_wconf 86' lang='lat' dir='ltr'><strong>nullo</strong></span> <span class='ocrx_word' id='word_1_179' title='bbox 1735 2839 2086 2918; x_wconf 85' lang='lat' dir='ltr'><strong>cujusquam</strong></span> <span class='ocrx_word' id='word_1_180' title='bbox 2111 2837 2377 2920; x_wconf 88' lang='lat' dir='ltr'><strong>imperio,</strong></span> <span class='ocrx_word' id='word_1_181' title='bbox 2397 2837 2578 2898; x_wconf 88' lang='lat' dir='ltr'><strong>nullis</strong></span> <span class='ocrx_word' id='word_1_182' title='bbox 2589 2836 2888 2898; x_wconf 84' lang='lat' dir='ltr'><strong>ordinibus</strong></span> <span class='ocrx_word' id='word_1_183' title='bbox 2907 2851 3008 2892; x_wconf 84' lang='lat' dir='ltr'><strong>ser-</strong></span> 
     </span>
     <span class='ocr_line' id='line_1_27' title="bbox 1132 2929 3009 3016; baseline 0.001 -27"><span class='ocrx_word' id='word_1_184' title='bbox 1132 2929 1311 3002; x_wconf 82' lang='lat' dir='ltr'><strong>vatis,</strong></span> <span class='ocrx_word' id='word_1_185' title='bbox 1334 2949 1469 2991; x_wconf 87' lang='lat' dir='ltr'><strong>cum</strong></span> <span class='ocrx_word' id='word_1_186' title='bbox 1496 2933 1712 3013; x_wconf 82' lang='lat' dir='ltr'><strong>trepidi</strong></span> <span class='ocrx_word' id='word_1_187' title='bbox 1738 2943 1920 3015; x_wconf 87' lang='lat' dir='ltr'><strong>atque</strong></span> <span class='ocrx_word' id='word_1_188' title='bbox 1945 2936 2242 3007; x_wconf 84' lang='lat' dir='ltr'><strong>semermi,</strong></span> <span class='ocrx_word' id='word_1_189' title='bbox 2277 2933 2436 3014; x_wconf 76' lang='lat' dir='ltr'><strong>fugae</strong></span> <span class='ocrx_word' id='word_1_190' title='bbox 2467 2933 2644 2996; x_wconf 85' lang='lat' dir='ltr'><strong>simili</strong></span> <span class='ocrx_word' id='word_1_191' title='bbox 2669 2931 3009 3016; x_wconf 80' lang='lat' dir='ltr'><strong>profectione</strong></span> 
     </span>
     <span class='ocr_line' id='line_1_28' title="bbox 1132 3027 3007 3111; baseline 0.001 -24"><span class='ocrx_word' id='word_1_192' title='bbox 1132 3027 1384 3100; x_wconf 85' lang='lat' dir='ltr'><strong>abirent,</strong></span> <span class='ocrx_word' id='word_1_193' title='bbox 1419 3049 1614 3095; x_wconf 81' lang='lat' dir='ltr'><strong>acrem</strong></span> <span class='ocrx_word' id='word_1_194' title='bbox 1639 3033 1713 3092; x_wconf 74' lang='lat' dir='ltr'><strong>&#39;et</strong></span> <span class='ocrx_word' id='word_1_195' title='bbox 1737 3032 2082 3111; x_wconf 83' lang='lat' dir='ltr'><strong>vigilantem</strong></span> <span class='ocrx_word' id='word_1_196' title='bbox 2118 3033 2346 3094; x_wconf 83' lang='lat' dir='ltr'><strong>bostem</strong></span> <span class='ocrx_word' id='word_1_197' title='bbox 2380 3031 2542 3092; x_wconf 84' lang='lat' dir='ltr'><strong>haud</strong></span> <span class='ocrx_word' id='word_1_198' title='bbox 2575 3030 2684 3092; x_wconf 89' lang='lat' dir='ltr'><strong>diu</strong></span> <span class='ocrx_word' id='word_1_199' title='bbox 2719 3031 3007 3092; x_wconf 65' lang='lat' dir='ltr'><strong>manut-</strong></span> 
     </span>
     <span class='ocr_line' id='line_1_29' title="bbox 1134 3123 3008 3208; baseline 0.001 -24"><span class='ocrx_word' id='word_1_200' title='bbox 1134 3123 1347 3185; x_wconf 82' lang='lat' dir='ltr'><strong>Effusa</strong></span> <span class='ocrx_word' id='word_1_201' title='bbox 1386 3129 1630 3188; x_wconf 88' lang='lat' dir='ltr'><strong>summis</strong></span> <span class='ocrx_word' id='word_1_202' title='bbox 1669 3128 1890 3190; x_wconf 84' lang='lat' dir='ltr'><strong>viribus</strong></span> <span class='ocrx_word' id='word_1_203' title='bbox 1932 3128 2414 3191; x_wconf 88' lang='lat' dir='ltr'><strong>Pallantinorum</strong></span> <span class='ocrx_word' id='word_1_204' title='bbox 2440 3131 2747 3208; x_wconf 84' lang='lat' dir='ltr'><strong>juventus,</strong></span> <span class='ocrx_word' id='word_1_205' title='bbox 2783 3127 2860 3187; x_wconf 87' lang='lat' dir='ltr'><strong>ab</strong></span> <span class='ocrx_word' id='word_1_206' title='bbox 2895 3133 3008 3186; x_wconf 77' lang='lat' dir='ltr'><strong>ortu</strong></span> 
     </span>
     <span class='ocr_line' id='line_1_30' title="bbox 1132 3219 3006 3307; baseline 0.001 -25"><span class='ocrx_word' id='word_1_207' title='bbox 1132 3219 1251 3282; x_wconf 89' lang='lat' dir='ltr'><strong>diei</strong></span> <span class='ocrx_word' id='word_1_208' title='bbox 1268 3227 1461 3303; x_wconf 81' lang='lat' dir='ltr'><strong>‘usque</strong></span> <span class='ocrx_word' id='word_1_209' title='bbox 1488 3223 1567 3285; x_wconf 87' lang='lat' dir='ltr'><strong>ad</strong></span> <span class='ocrx_word' id='word_1_210' title='bbox 1585 3245 1863 3288; x_wconf 84' lang='lat' dir='ltr'><strong>occasum</strong></span> <span class='ocrx_word' id='word_1_211' title='bbox 1895 3227 1956 3286; x_wconf 89' lang='lat' dir='ltr'><strong>in</strong></span> <span class='ocrx_word' id='word_1_212' title='bbox 1985 3235 2150 3307; x_wconf 79' lang='lat' dir='ltr'><strong>tergo</strong></span> <span class='ocrx_word' id='word_1_213' title='bbox 2185 3235 2292 3288; x_wconf 88' lang='lat' dir='ltr'><strong>aut</strong></span> <span class='ocrx_word' id='word_1_214' title='bbox 2324 3227 2607 3288; x_wconf 82' lang='lat' dir='ltr'><strong>lateribus</strong></span> <span class='ocrx_word' id='word_1_215' title='bbox 2639 3223 2884 3306; x_wconf 79' lang='lat' dir='ltr'><strong>agminis</strong></span> <span class='ocrx_word' id='word_1_216' title='bbox 2903 3221 3006 3281; x_wconf 76' lang='lat' dir='ltr'><strong>hae·</strong></span> 
     </span>
     <span class='ocr_line' id='line_1_31' title="bbox 1132 3317 3006 3402; baseline 0.004 -26"><span class='ocrx_word' id='word_1_217' title='bbox 1132 3317 1341 3379; x_wconf 85' lang='lat' dir='ltr'><strong>rebat.</strong></span> <span class='ocrx_word' id='word_1_218' title='bbox 1384 3320 1674 3402; x_wconf 83' lang='lat' dir='ltr'><strong>multique</strong></span> <span class='ocrx_word' id='word_1_219' title='bbox 1708 3323 1979 3396; x_wconf 88' lang='lat' dir='ltr'><strong>subinde,</strong></span> <span class='ocrx_word' id='word_1_220' title='bbox 2015 3343 2150 3385; x_wconf 83' lang='lat' dir='ltr'><strong>cum</strong></span> <span class='ocrx_word' id='word_1_221' title='bbox 2187 3325 2384 3388; x_wconf 80' lang='lat' dir='ltr'><strong>animo</strong></span> <span class='ocrx_word' id='word_1_222' title='bbox 2416 3333 2482 3386; x_wconf 91' lang='lat' dir='ltr'><strong>et</strong></span> <span class='ocrx_word' id='word_1_223' title='bbox 2509 3323 2785 3386; x_wconf 77' lang='lat' dir='ltr'><strong>viribus</strong></span> <span class='ocrx_word' id='word_1_224' title='bbox 2760 3323 3006 3401; x_wconf 54' lang='lat' dir='ltr'><strong>imparem</strong></span> 
     </span>
     <span class='ocr_line' id='line_1_32' title="bbox 1132 3413 3006 3501; baseline 0.006 -29"><span class='ocrx_word' id='word_1_225' title='bbox 1132 3413 1309 3474; x_wconf 87' lang='lat' dir='ltr'><strong>simul</strong></span> <span class='ocrx_word' id='word_1_226' title='bbox 1328 3437 1697 3482; x_wconf 81' lang='lat' dir='ltr'><strong>summovere</strong></span> <span class='ocrx_word' id='word_1_227' title='bbox 1721 3421 2098 3501; x_wconf 82' lang='lat' dir='ltr'><strong>objicientem</strong></span> <span class='ocrx_word' id='word_1_228' title='bbox 2124 3441 2187 3483; x_wconf 88' lang='lat' dir='ltr'><strong>se</strong></span> <span class='ocrx_word' id='word_1_229' title='bbox 2217 3423 2465 3496; x_wconf 83' lang='lat' dir='ltr'><strong>bostem,</strong></span> <span class='ocrx_word' id='word_1_230' title='bbox 2501 3419 2678 3484; x_wconf 82' lang='lat' dir='ltr'><strong>simul</strong></span> <span class='ocrx_word' id='word_1_231' title='bbox 2705 3421 2816 3482; x_wconf 85' lang='lat' dir='ltr'><strong>iter</strong></span> <span class='ocrx_word' id='word_1_232' title='bbox 2836 3417 3006 3478; x_wconf 63' lang='lat' dir='ltr'><strong>fucere</strong></span> 
     </span>
    </p>
   </div>
   <div class='ocr_carea' id='block_1_9' title="bbox 842 3516 3005 3600">
    <p class='ocr_par' dir='ltr' id='par_1_10' title="bbox 842 3516 3005 3600">
     <span class='ocr_line' id='line_1_33' title="bbox 842 3516 3005 3600; baseline 0.008 -32"><span class='ocrx_word' id='word_1_233' title='bbox 842 3517 909 3568; x_wconf 87' lang='lat' dir='ltr'><strong>D</strong></span> <span class='ocrx_word' id='word_1_234' title='bbox 899 3516 995 3569; x_wconf 73' lang='lat' dir='ltr'><strong>sod.</strong></span> <span class='ocrx_word' id='word_1_235' title='bbox 1010 3532 1095 3586; x_wconf 71' lang='lat' dir='ltr'><strong>sp.</strong></span> <span class='ocrx_word' id='word_1_236' title='bbox 1136 3523 1505 3592; x_wconf 76' lang='lat' dir='ltr'><strong>cogerentur,</strong></span> <span class='ocrx_word' id='word_1_237' title='bbox 1540 3518 1620 3578; x_wconf 87' lang='lat' dir='ltr'><strong>ab</strong></span> <span class='ocrx_word' id='word_1_238' title='bbox 1658 3517 1952 3600; x_wconf 86' lang='lat' dir='ltr'><strong>Hispanis</strong></span> <span class='ocrx_word' id='word_1_239' title='bbox 1987 3517 2526 3582; x_wconf 84' lang='lat' dir='ltr'><strong>interficiebantur.</strong></span> <span class='ocrx_word' id='word_1_240' title='bbox 2568 3536 2764 3600; x_wconf 88' lang='lat' dir='ltr'><strong>neque</strong></span> <span class='ocrx_word' id='word_1_241' title='bbox 2787 3529 3005 3598; x_wconf 62' lang='lat' dir='ltr'><strong>11¹⁰oess-</strong></span> 
     </span>
    </p>
   </div>
   <div class='ocr_carea' id='block_1_10' title="bbox 814 3583 986 3634">
    <p class='ocr_par' dir='ltr' id='par_1_11' title="bbox 814 3583 986 3634">
     <span class='ocr_line' id='line_1_34' title="bbox 814 3583 986 3634; baseline 0 0"><span class='ocrx_word' id='word_1_242' title='bbox 814 3583 986 3634; x_wconf 76' lang='lat' dir='ltr'><strong>Vales-</strong></span> 
     </span>
    </p>
   </div>
   <div class='ocr_carea' id='block_1_11' title="bbox 808 3810 1020 3878">
    <p class='ocr_par' dir='ltr' id='par_1_12' title="bbox 808 3810 1020 3878">
     <span class='ocr_line' id='line_1_35' title="bbox 808 3810 1020 3878; baseline 0 -16"><span class='ocrx_word' id='word_1_243' title='bbox 808 3810 1020 3878; x_wconf 76' lang='lat' dir='ltr'><strong>Appisn.</strong></span> 
     </span>
    </p>
   </div>
   <div class='ocr_carea' id='block_1_12' title="bbox 1134 3607 3006 4380">
    <p class='ocr_par' dir='ltr' id='par_1_13' title="bbox 1134 3607 3006 4278">
     <span class='ocr_line' id='line_1_36' title="bbox 1134 3607 3004 3699; baseline 0.001 -31"><span class='ocrx_word' id='word_1_244' title='bbox 1134 3608 1227 3669; x_wconf 89' lang='lat' dir='ltr'><strong>sul</strong></span> <span class='ocrx_word' id='word_1_245' title='bbox 1252 3609 1345 3671; x_wconf 88' lang='lat' dir='ltr'><strong>his</strong></span> <span class='ocrx_word' id='word_1_246' title='bbox 1366 3610 1542 3674; x_wconf 85' lang='lat' dir='ltr'><strong>malis</strong></span> <span class='ocrx_word' id='word_1_247' title='bbox 1556 3625 1866 3677; x_wconf 74' lang='lat' dir='ltr'><strong>occurrere</strong></span> <span class='ocrx_word' id='word_1_248' title='bbox 1895 3625 2002 3677; x_wconf 89' lang='lat' dir='ltr'><strong>aut</strong></span> <span class='ocrx_word' id='word_1_249' title='bbox 2032 3617 2347 3678; x_wconf 85' lang='lat' dir='ltr'><strong>subvenire</strong></span> <span class='ocrx_word' id='word_1_250' title='bbox 2373 3623 2628 3699; x_wconf 84' lang='lat' dir='ltr'><strong>poterat,</strong></span> <span class='ocrx_word' id='word_1_251' title='bbox 2660 3615 2840 3676; x_wconf 88' lang='lat' dir='ltr'><strong>nimia</strong></span> <span class='ocrx_word' id='word_1_252' title='bbox 2871 3607 3004 3671; x_wconf 79' lang='lat' dir='ltr'><strong>mole</strong></span> 
     </span>
     <span class='ocr_line' id='line_1_37' title="bbox 1134 3709 3004 3801; baseline 0.002 -31"><span class='ocrx_word' id='word_1_253' title='bbox 1134 3710 1398 3791; x_wconf 87' lang='lat' dir='ltr'><strong>corporis</strong></span> <span class='ocrx_word' id='word_1_254' title='bbox 1424 3713 1658 3793; x_wconf 84' lang='lat' dir='ltr'><strong>ineptus</strong></span> <span class='ocrx_word' id='word_1_255' title='bbox 1682 3712 1761 3774; x_wconf 87' lang='lat' dir='ltr'><strong>ad</strong></span> <span class='ocrx_word' id='word_1_256' title='bbox 1783 3715 2159 3798; x_wconf 83' lang='lat' dir='ltr'><strong>imperatoria</strong></span> <span class='ocrx_word' id='word_1_257' title='bbox 2175 3717 2380 3778; x_wconf 88' lang='lat' dir='ltr'><strong>munia</strong></span> <span class='ocrx_word' id='word_1_258' title='bbox 2403 3725 2466 3777; x_wconf 88' lang='lat' dir='ltr'><strong>et</strong></span> <span class='ocrx_word' id='word_1_259' title='bbox 2480 3709 2928 3801; x_wconf 83' lang='lat' dir='ltr'><strong>propemodum</strong></span> <span class='ocrx_word' id='word_1_260' title='bbox 2911 3725 3004 3768; x_wconf 74' lang='lat' dir='ltr'><strong>tm-</strong></span> 
     </span>
     <span class='ocr_line' id='line_1_38' title="bbox 1134 3808 3005 3897; baseline 0 -28"><span class='ocrx_word' id='word_1_261' title='bbox 1134 3808 1391 3872; x_wconf 88' lang='lat' dir='ltr'><strong>mobilis.</strong></span> <span class='ocrx_word' id='word_1_262' title='bbox 1473 3808 1822 3872; x_wconf 77' lang='lat' dir='ltr'><strong>Sustentata</strong></span> <span class='ocrx_word' id='word_1_263' title='bbox 1845 3821 2044 3874; x_wconf 86' lang='lat' dir='ltr'><strong>tamen</strong></span> <span class='ocrx_word' id='word_1_264' title='bbox 2073 3821 2392 3897; x_wconf 76' lang='lat' dir='ltr'><strong>utcumque</strong></span> <span class='ocrx_word' id='word_1_265' title='bbox 2413 3813 2572 3874; x_wconf 77' lang='lat' dir='ltr'><strong>acies</strong></span> <span class='ocrx_word' id='word_1_266' title='bbox 2593 3819 2706 3882; x_wconf 88' lang='lat' dir='ltr'><strong>est,</strong></span> <span class='ocrx_word' id='word_1_267' title='bbox 2731 3809 2910 3870; x_wconf 85' lang='lat' dir='ltr'><strong>donec</strong></span> <span class='ocrx_word' id='word_1_268' title='bbox 2929 3813 3005 3864; x_wconf 72' lang='lat' dir='ltr'><strong>te·</strong></span> 
     </span>
     <span class='ocr_line' id='line_1_39' title="bbox 1134 3900 3006 3974; baseline -0.002 -9"><span class='ocrx_word' id='word_1_269' title='bbox 1134 3906 1332 3966; x_wconf 75' lang='lat' dir='ltr'><strong>nebrre</strong></span> <span class='ocrx_word' id='word_1_270' title='bbox 1356 3907 1579 3974; x_wconf 78' lang='lat' dir='ltr'><strong>obortae</strong></span> <span class='ocrx_word' id='word_1_271' title='bbox 1602 3910 1908 3973; x_wconf 81' lang='lat' dir='ltr'><strong>certamini</strong></span> <span class='ocrx_word' id='word_1_272' title='bbox 1935 3911 2398 3972; x_wconf 87' lang='lat' dir='ltr'><strong>intercesserunt.</strong></span> <span class='ocrx_word' id='word_1_273' title='bbox 2483 3909 2724 3971; x_wconf 87' lang='lat' dir='ltr'><strong>Harum</strong></span> <span class='ocrx_word' id='word_1_274' title='bbox 2749 3900 3006 3968; x_wconf 84' lang='lat' dir='ltr'><strong>beneficio</strong></span> 
     </span>
     <span class='ocr_line' id='line_1_40' title="bbox 1136 3997 3002 4089; baseline 0.003 -27"><span class='ocrx_word' id='word_1_275' title='bbox 1136 3999 1400 4066; x_wconf 84' lang='lat' dir='ltr'><strong>Romani</strong></span> <span class='ocrx_word' id='word_1_276' title='bbox 1423 4024 1488 4065; x_wconf 91' lang='lat' dir='ltr'><strong>se</strong></span> <span class='ocrx_word' id='word_1_277' title='bbox 1513 4025 1620 4086; x_wconf 86' lang='lat' dir='ltr'><strong>per</strong></span> <span class='ocrx_word' id='word_1_278' title='bbox 1645 4005 1876 4086; x_wconf 79' lang='lat' dir='ltr'><strong>globos,</strong></span> <span class='ocrx_word' id='word_1_279' title='bbox 1903 4015 1972 4068; x_wconf 90' lang='lat' dir='ltr'><strong>ut</strong></span> <span class='ocrx_word' id='word_1_280' title='bbox 1994 4027 2286 4089; x_wconf 85' lang='lat' dir='ltr'><strong>quemque</strong></span> <span class='ocrx_word' id='word_1_281' title='bbox 2303 4028 2424 4069; x_wconf 82' lang='lat' dir='ltr'><strong>nox</strong></span> <span class='ocrx_word' id='word_1_282' title='bbox 2441 4017 2508 4070; x_wconf 86' lang='lat' dir='ltr'><strong>et</strong></span> <span class='ocrx_word' id='word_1_283' title='bbox 2527 4004 2852 4088; x_wconf 81' lang='lat' dir='ltr'><strong>desperatio</strong></span> <span class='ocrx_word' id='word_1_284' title='bbox 2865 3997 3002 4066; x_wconf 74' lang='lat' dir='ltr'><strong>tulit,</strong></span> 
     </span>
     <span class='ocr_line' id='line_1_41' title="bbox 1137 4099 3003 4186; baseline 0.003 -25"><span class='ocrx_word' id='word_1_285' title='bbox 1137 4099 1199 4159; x_wconf 88' lang='lat' dir='ltr'><strong>in</strong></span> <span class='ocrx_word' id='word_1_286' title='bbox 1222 4121 1463 4183; x_wconf 80' lang='lat' dir='ltr'><strong>campos</strong></span> <span class='ocrx_word' id='word_1_287' title='bbox 1492 4104 1740 4182; x_wconf 87' lang='lat' dir='ltr'><strong>ejecere.</strong></span> <span class='ocrx_word' id='word_1_288' title='bbox 1825 4103 2049 4186; x_wconf 85' lang='lat' dir='ltr'><strong>Neque</strong></span> <span class='ocrx_word' id='word_1_289' title='bbox 2081 4105 2240 4166; x_wconf 89' lang='lat' dir='ltr'><strong>ultra</strong></span> <span class='ocrx_word' id='word_1_290' title='bbox 2263 4106 2598 4167; x_wconf 88' lang='lat' dir='ltr'><strong>institerunt</strong></span> <span class='ocrx_word' id='word_1_291' title='bbox 2633 4104 2846 4174; x_wconf 75' lang='lat' dir='ltr'><strong>hostes,</strong></span> <span class='ocrx_word' id='word_1_292' title='bbox 2881 4113 3003 4158; x_wconf 79' lang='lat'><strong>0⁰¹¹·</strong></span> 
     </span>
     <span class='ocr_line' id='line_1_42' title="bbox 1136 4197 2289 4278; baseline 0.005 -22"><span class='ocrx_word' id='word_1_293' title='bbox 1136 4197 1402 4278; x_wconf 84' lang='lat' dir='ltr'><strong>tentique</strong></span> <span class='ocrx_word' id='word_1_294' title='bbox 1428 4201 1682 4261; x_wconf 81' lang='lat' dir='ltr'><strong>victoria</strong></span> <span class='ocrx_word' id='word_1_295' title='bbox 1705 4201 1946 4263; x_wconf 87' lang='lat' dir='ltr'><strong>domum</strong></span> <span class='ocrx_word' id='word_1_296' title='bbox 1972 4201 2289 4264; x_wconf 88' lang='lat' dir='ltr'><strong>redierunt.</strong></span> 
     </span>
    </p>

    <p class='ocr_par' dir='ltr' id='par_1_14' title="bbox 1224 4289 3002 4380">
     <span class='ocr_line' id='line_1_43' title="bbox 1224 4289 3002 4380; baseline -0.003 -24"><span class='ocrx_word' id='word_1_297' title='bbox 1224 4300 1321 4356; x_wconf 84' lang='lat'><strong>12.</strong></span> <span class='ocrx_word' id='word_1_298' title='bbox 1351 4295 1585 4360; x_wconf 81' lang='lat' dir='ltr'><strong>Servati</strong></span> <span class='ocrx_word' id='word_1_299' title='bbox 1602 4299 1900 4361; x_wconf 82' lang='lat' dir='ltr'><strong>exercitus</strong></span> <span class='ocrx_word' id='word_1_300' title='bbox 1923 4298 2168 4380; x_wconf 87' lang='lat' dir='ltr'><strong>gloriam</strong></span> <span class='ocrx_word' id='word_1_301' title='bbox 2189 4299 2490 4362; x_wconf 85' lang='lat' dir='ltr'><strong>hominum</strong></span> <span class='ocrx_word' id='word_1_302' title='bbox 2507 4319 2680 4360; x_wconf 86' lang='lat' dir='ltr'><strong>nemo</strong></span> <span class='ocrx_word' id='word_1_303' title='bbox 2697 4296 2844 4360; x_wconf 84' lang='lat' dir='ltr'><strong>tulit.</strong></span> <span class='ocrx_word' id='word_1_304' title='bbox 2885 4289 3002 4353; x_wconf 80' lang='lat' dir='ltr'><strong>Diis</strong></span> 
     </span>
    </p>
   </div>
  </div>
 </body>
</html>
