3225 5242
699 566 874 651 ⁴1⁷2
1658 582 1730 630 τ.
1776 580 1973 632 mvn

937 716 946 729 '
1021 720 1540 793 Antiochensium,
1575 724 1681 803 qui
1718 721 1873 783 duce
1906 720 2229 803 Tryphone
2268 686 2663 793 rebellabant,
2696 718 2775 783 de
2810 742 2921 783 suo

1017 822 1218 899 coegit
1233 820 1538 881 dimicare.
1583 820 1739 880 Mox
1760 821 1919 880 euim
1942 820 2241 901 Apameni
2260 828 2591 901 ceteraque
2616 819 2921 880 nonnulle

723 922 998 1001 Ροφιωρ.
1017 918 1316 989 civitates,
1345 939 1450 999 per
1479 918 1809 978 absentiam
1840 918 2017 997 regis,
2050 918 2155 998 qui
2189 920 2325 998 jam
2356 918 2437 978 ad
2462 916 2775 978 Pelusium
2810 918 2920 979 ad-

696 986 930 1117 ἒξξέμ
1018 1026 1288 1075 moverat
1317 1016 1546 1097 copias,
1577 1013 1921 1097 exemplum
1956 1012 2453 1075 Antiochensium
2486 1024 2705 1075 secutae
2740 1026 2917 1085 sunt:

693 1120 812 1165 227.
1017 1118 1082 1170 et
1119 1132 1158 1171 a
1197 1112 1556 1183 Ptolemaeo,
1591 1122 1877 1193 tanquam
1918 1112 2201 1173 adversus
2252 1132 2623 1173 communem
2666 1104 2923 1185 hostem,

693 1180 898 1243 ‘'⁰⁸⁸¹'h‘
1017 1208 1268 1281 auxilia,
1297 1209 1863 1291 Seleucidarumque
1890 1209 2175 1290 aliquem,
2201 1230 2378 1290 quem
2408 1210 2523 1269 sibi
2550 1230 2747 1287 regem
2771 1230 2917 1271 con—

691 1308 872 1359 sustin.
1015 1306 1351 1378 stituerent,
1380 1307 1693 1389 petierunt.
1778 1307 2150 1368 Ptolemaeus
2167 1310 2455 1387 juvenem
2482 1307 2781 1387 quendam
2806 1306 2919 1367 Ε-

1016 1404 1284 1483 gyptium
1309 1426 1446 1465 cum
1471 1404 1807 1484 ingentibus
1832 1402 2075 1465 auxiliis
2110 1405 2307 1465 misit:
2350 1412 2439 1476 ut,
2464 1412 2753 1485 tanquam
2779 1403 2919 1464 An·

1017 1503 1201 1561 tiochi
1225 1502 1470 1563 familiae
1498 1524 1605 1584 per
1628 1502 2007 1583 adoptionem
2034 1504 2309 1575 insertus,
2334 1500 2577 1581 dejecto
2604 1500 2919 1564 Demetrio

1017 1596 1255 1678 Syriam
1278 1600 1392 1659 sibi
1415 1598 1586 1681 quasi
1601 1600 1743 1678 jure
1766 1596 2123 1660 vindicaret.

1096 1702 1198 1755 52.
1241 1695 1464 1776 Neque
1491 1696 1631 1778 Syri
1655 1697 1949 1777 aspernati
1984 1704 2141 1767 sunt,
2168 1693 2499 1777 quemlibet
2522 1696 2721 1776 potius
2744 1696 2918 1756 habi·-

1013 1792 1132 1851 turi
1175 1814 1394 1871 regem,
1439 1814 1623 1875 quam
1664 1794 1875 1875 prioris
1912 1792 2074 1853 ultra
2114 1794 2343 1874 passuri
2376 1792 2735 1874 superbiam,
2778 1812 2917 1874 qum

1013 1888 1321 1950 Parthicae
1347 1892 1698 1971 arrogantiae
1721 1890 2167 1953 conversatione
2191 1889 2357 1951 facta
2375 1910 2611 1971 prorsus
2636 1890 2915 1951 intolera-

687 1988 930 2053 Porphsr·
1013 1986 1156 2046 bilis
1191 1986 1402 2049 fuerat.
1485 1987 1827 2049 Alexandri
1864 2008 2075 2048 nomeu
2100 1987 2441 2069 impositum
2467 1996 2559 2047 est
2584 2006 2741 2049 novo
2767 1990 2917 2069 regi,

689 2085 874 2136 sustin.
1014 2084 1368 2166 quibusdam
1395 2084 1737 2146 Alexandri
1764 2086 1917 2165 regis
1944 2084 2131 2145 filium
2155 2084 2521 2155 dicentibus3
2576 2104 2711 2144 cum
2750 2084 2916 2147 Pro—

688 2182 925 2249 Poephyr·
1014 2183 1253 2243 tarchus
1287 2184 1344 2243 ei
1381 2192 1555 2265 pater
1577 2192 1756 2255 esset,
1792 2182 2086 2244 mercibus
2110 2180 2515 2263 permutandis
2552 2180 2811 2243 tolerare
2852 2204 2917 2243 se

692 2278 871 2331 sustin.
1011 2279 1406 2350 solitus,uude
1425 2280 1677 2341 Zabinae
1695 2282 2195 2359 cognomentum·
2214 2278 2573 2340 Alexandro
2588 2278 2809 2360 aSyris
2824 2289 2921 2340 est

993 2378 1286 2439 inditum.
1349 2376 1530 2438 Forte
1555 2379 1668 2438 sub
1688 2377 1847 2439 idem
1866 2388 2097 2457 tempus
2121 2397 2160 2436 a
2184 2396 2321 2455 rege
2348 2376 2709 2437 Parthorum
2736 2376 2797 2436 iu
2818 2397 2917 2437 ar-

1011 2483 1226 2551 genteo
1263 2474 1460 2535 loculo
1499 2476 1807 2536 remissum
1842 2474 2135 2536 Antiochi
2170 2494 2387 2555 corpus
2448 2474 2646 2553 magni
2688 2472 2918 2534 favoris

1010 2574 1384 2633 occasionem
1421 2592 1577 2633 novo
1602 2574 1727 2653 regi
1752 2572 1994 2633 attulit:
2034 2591 2171 2632 cum
2206 2570 2491 2651 reliquias
2526 2590 2643 2631 non
2678 2570 2917 2652 ineptus

1009 2668 1222 2730 histrio
1245 2670 1511 2729 maxima
1531 2688 1671 2730 cum
1694 2670 2045 2740 reverentia,
2070 2668 2469 2749 lacrymisque
2504 2668 2763 2728 ubertim
2786 2690 2914 2731 ma-

1011 2767 1290 2827 nantibus
1311 2766 1687 2849 excipiendo‚
1706 2768 1905 2828 stultat
1931 2766 2260 2849 plebeculae
2281 2766 2525 2847 pietatis
2550 2766 2913 2847 opinionem,

1009 2870 1296 2945 tanquam
1320 2864 1627 2925 domestici
1652 2864 1875 2925 funeris
1891 2864 2158 2925 dolorem
2182 2884 2298 2924 non
2325 2864 2542 2933 ferens,
2568 2864 2889 2943 injecisset.

1091 2967 1191 3021 53.
1237 2960 1364 3023 His
1387 2962 1610 3022 auditis
1644 2962 1987 3023 Demetrius
2026 2983 2063 3022 a
2088 2960 2339 3022 Pelusio
2362 2981 2499 3022 cum
2524 2961 2791 3021 exercitu
2819 2982 2913 3022 re-

721 3060 963 3126 Porphyr.
1009 3056 1136 3119 dit:
1180 3079 1291 3119 nec
1315 3060 1549 3140 segnius
1572 3061 1652 3120 ab
1678 3058 2034 3120 Alexandro
2058 3059 2404 3120 occurritur.
2490 3056 2684 3119 Haud
2704 3060 2913 3139 procul

686 3136 739 3240 ’ἐξ
758 3128 956 3241 {⁰33¹
1015 3152 1323 3217 Damasco
1370 3177 1508 3218 cum
1558 3158 1731 3237 signa
1780 3156 2188 3227 contulissent,
2236 3156 2496 3217 vincitur
2540 3154 2911 3221 Demetrius.

1011 3252 1168 3313 Tum
1188 3276 1332 3315 vero
1355 3264 1649 3337 concepta
1672 3254 1817 3316 olim
1836 3254 1997 3326 odia,
2026 3264 2341 3337 postquam
2356 3274 2434 3313 ex
2456 3254 2631 3313 rebus
2650 3252 2916 3317 adversis

1010 3361 1345 3411 contemtus
1368 3361 1719 3424 accesserat,
1748 3354 1979 3413 nemine
2005 3352 2441 3423 dissimulante,
2462 3372 2601 3412 cum
2622 3348 2701 3411 ad
2729 3350 2913 3412 Cleo—

1009 3458 1262 3530 patram,
1289 3469 1425 3530 quae
1451 3458 1572 3509 tum
1596 3450 1981 3511 Ptolemaide
1996 3471 2133 3512 cum
2154 3451 2357 3510 liberis
2372 3448 2781 3511 communibus
2802 3450 2913 3512 de-

1009 3546 1212 3624 gebat,
1234 3562 1313 3607 ex
1333 3546 1477 3626 fuga
1501 3568 1564 3607 se
1585 3550 1897 3629 reciperet,
1924 3548 2145 3609 clausae
2172 3547 2511 3608 advenienti
2538 3556 2725 3627 portae
2750 3558 2909 3610 sunt.

1012 3642 1115 3703 Sic
1154 3644 1232 3703 ab
1257 3664 1442 3703 uxore
1467 3642 1723 3725 filiisque
1748 3646 2043 3706 desertum
2069 3666 2131 3705 se
2156 3644 2386 3715 videns,
2411 3644 2638 3724 Tyrum
2672 3646 2913 3725 navigio

1009 3741 1201 3821 petiit,
1239 3750 1307 3801 ut
1343 3741 1554 3803 saltem
1589 3744 1907 3803 sanctitate
1942 3744 2160 3803 veteris
2194 3741 2401 3822 templi
2442 3762 2505 3801 se
2542 3740 2911 3806 defenderet.

1010 3836 1242 3921 Sed-ibi
1268 3858 1504 3918 quoque
1531 3858 1667 3899 eum
1686 3839 1927 3899 inimica
1952 3860 2095 3909 sors,
2114 3850 2177 3899 et
2197 3838 2427 3899 infestae
2452 3839 2723 3917 conjugis
2746 3836 2910 3898 fmu-

1006 3932 1082 3994 de
1110 3944 1514 4015 comparatum
1539 3934 1789 4019 exitium
1812 3936 2199 4016 expectabat.
2280 3934 2382 3996 Ita
2414 3954 2522 3995 rex
2550 3934 2732 4015 paulo
2770 3944 2909 3996 ante

1007 4032 1466 4111 potentissimus,
1492 4051 1651 4091 nunc
1675 4030 2033 4092 famulorum
2058 4052 2293 4093 suorum
2322 4031 2600 4113 supplex,
2627 4030 2771 4090 dum
2796 4050 2907 4091 ex·

1072 4204 1111 4231 ¹¹¹
1150 4196 1288 4247 Unde
1319 4196 1518 4247 zamae
1537 4198 1918 4262 cognomentum]
1988 4205 2087 4263 σαι,
2108 4198 2159 4246 id
2184 4206 2280 4255 ent,
2316 4198 2441 4263 quod
2458 4203 2633 4248 emtum
2656 4197 2911 4249 Ptole-uti

1009 4261 1128 4311 Non
1150 4264 1358 4311 omuino
1370 4272 1614 4313 accurate
1639 4264 1721 4313 hic
1746 4263 1919 4313 reddit
1988 4264 2269 4327 mancipium
2292 4270 2555 4327 putaretur.
2616 4264 2757 4312 Sane
2778 4275 2907 4315 ierat

1008 4324 1289 4389 Porphyrii
1319 4328 1472 4377 verb·
1518 4328 1920 4385 Freinshemius,
1992 4330 2177 4379 Zebina
2198 4330 2341 4391 Syris
2358 4334 2533 4378 emtum
2552 4329 2632 4378 vel
2648 4330 2908 4379 redemtum

1007 4404 1126 4454 quai
1149 4392 1275 4441 talia
1295 4401 1436 4451 sunt,
1457 4391 1534 4442 διὰ
1557 4392 1619 4442 τὸ
1638 4393 1698 4443 ὥς
1714 4390 1920 4455 ἀγόρευ’·
1990 4394 2262 4460 siguificat.
2301 4394 2443 4444 Crev-
2504 4414 2511 4421 ·

1008 4472 1094 4505 ‘ror
1129 4452 1246 4507 dvm
1274 4457 1364 4507 τοῦ
1385 4456 1687 4519 Πτολεμαίου
1706 4457 1920 4520 νενομίσ-
