<?xml version="1.0" encoding="UTF-8"?>
<!DOCTYPE html PUBLIC "-//W3C//DTD XHTML 1.0 Transitional//EN"
    "http://www.w3.org/TR/xhtml1/DTD/xhtml1-transitional.dtd">
<html xmlns="http://www.w3.org/1999/xhtml" xml:lang="en" lang="en">
 <head>
  <title>
</title>
<meta http-equiv="Content-Type" content="text/html;charset=utf-8" />
  <meta name='ocr-system' content='tesseract 3.04.00' />
  <meta name='ocr-capabilities' content='ocr_page ocr_carea ocr_par ocr_line ocrx_word'/>
</head>
<body>
  <div class='ocr_page' id='page_1' title='image "./tliviipatavinih36unkngoog_0460.png"; bbox 0 0 3225 5242; ppageno 0'>
   <div class='ocr_carea' id='block_1_1' title="bbox 753 527 2051 592">
    <p class='ocr_par' dir='ltr' id='par_1_1' title="bbox 753 527 2051 592">
     <span class='ocr_line' id='line_1_1' title="bbox 753 527 2051 592; baseline -0.002 0"><span class='ocrx_word' id='word_1_1' title='bbox 753 527 933 592; x_wconf 62' lang='lat'>⁴4⁰6</span> <span class='ocrx_word' id='word_1_2' title='bbox 1628 535 1635 542; x_wconf 83' lang='lat'>&#39;</span> <span class='ocrx_word' id='word_1_3' title='bbox 1736 543 1810 592; x_wconf 73' lang='grc' dir='ltr'>Ψ.</span> <span class='ocrx_word' id='word_1_4' title='bbox 1856 540 2051 590; x_wconf 72' lang='lat' dir='ltr'>mvn</span> 
     </span>
    </p>
   </div>
   <div class='ocr_carea' id='block_1_2' title="bbox 753 681 2997 1932">
    <p class='ocr_par' dir='ltr' id='par_1_2' title="bbox 1079 681 2997 960">
     <span class='ocr_line' id='line_1_2' title="bbox 1163 681 2991 766; baseline -0.004 -18"><span class='ocrx_word' id='word_1_5' title='bbox 1163 687 1264 749; x_wconf 76' lang='lat'>88.</span> <span class='ocrx_word' id='word_1_6' title='bbox 1293 685 1498 748; x_wconf 81' lang='lat' dir='ltr'>Credo</span> <span class='ocrx_word' id='word_1_7' title='bbox 1520 685 1741 746; x_wconf 80' lang='lat' dir='ltr'>multos</span> <span class='ocrx_word' id='word_1_8' title='bbox 1762 705 1987 756; x_wconf 85' lang='lat' dir='ltr'>eornm,</span> <span class='ocrx_word' id='word_1_9' title='bbox 2004 685 2109 766; x_wconf 86' lang='lat' dir='ltr'>qui</span> <span class='ocrx_word' id='word_1_10' title='bbox 2134 681 2285 744; x_wconf 85' lang='lat' dir='ltr'>talia</span> <span class='ocrx_word' id='word_1_11' title='bbox 2306 703 2465 743; x_wconf 86' lang='lat' dir='ltr'>nunc</span> <span class='ocrx_word' id='word_1_12' title='bbox 2484 682 2711 763; x_wconf 83' lang='lat' dir='ltr'>legunt,</span> <span class='ocrx_word' id='word_1_13' title='bbox 2738 693 2817 742; x_wconf 79' lang='lat' dir='ltr'>ex</span> <span class='ocrx_word' id='word_1_14' title='bbox 2836 685 2991 764; x_wconf 62' lang='grc' dir='ltr'>ρι’-ω-</span> 
     </span>
     <span class='ocr_line' id='line_1_3' title="bbox 1079 780 2995 862; baseline -0.002 -18"><span class='ocrx_word' id='word_1_15' title='bbox 1079 784 1342 844; x_wconf 79' lang='lat' dir='ltr'>ssntibus</span> <span class='ocrx_word' id='word_1_16' title='bbox 1377 784 1643 852; x_wconf 84' lang='lat' dir='ltr'>moribus</span> <span class='ocrx_word' id='word_1_17' title='bbox 1674 783 2011 853; x_wconf 79' lang='lat' dir='ltr'>miraturos,</span> <span class='ocrx_word' id='word_1_18' title='bbox 2046 780 2191 862; x_wconf 85' lang='lat' dir='ltr'>quid</span> <span class='ocrx_word' id='word_1_19' title='bbox 2232 782 2321 842; x_wconf 82' lang='lat' dir='ltr'>ita</span> <span class='ocrx_word' id='word_1_20' title='bbox 2347 780 2621 852; x_wconf 81' lang='lat' dir='ltr'>Crassus,</span> <span class='ocrx_word' id='word_1_21' title='bbox 2654 780 2995 840; x_wconf 64' lang='lat' dir='ltr'>clarissime</span> 
     </span>
     <span class='ocr_line' id='line_1_4' title="bbox 1080 877 2997 960; baseline -0.002 -19"><span class='ocrx_word' id='word_1_22' title='bbox 1080 881 1260 941; x_wconf 71' lang='lat' dir='ltr'>bomo</span> <span class='ocrx_word' id='word_1_23' title='bbox 1275 880 1657 960; x_wconf 48' lang='lat' dir='ltr'>eloquentius,</span> <span class='ocrx_word' id='word_1_24' title='bbox 1674 878 1879 956; x_wconf 82' lang='lat' dir='ltr'>studia</span> <span class='ocrx_word' id='word_1_25' title='bbox 1894 879 2113 960; x_wconf 82' lang='lat' dir='ltr'>quibus</span> <span class='ocrx_word' id='word_1_26' title='bbox 2136 877 2339 938; x_wconf 79' lang='lat' dir='ltr'>favere</span> <span class='ocrx_word' id='word_1_27' title='bbox 2364 877 2629 941; x_wconf 79' lang='lat' dir='ltr'>debebat</span> <span class='ocrx_word' id='word_1_28' title='bbox 2654 877 2997 938; x_wconf 69' lang='lat' dir='ltr'>sustulerit?</span> 
     </span>
    </p>

    <p class='ocr_par' dir='ltr' id='par_1_3' title="bbox 753 972 2997 1638">
     <span class='ocr_line' id='line_1_5' title="bbox 786 972 2995 1057; baseline -0.002 -18"><span class='ocrx_word' id='word_1_29' title='bbox 786 972 893 1023; x_wconf 80' lang='lat' dir='ltr'>Cic.</span> <span class='ocrx_word' id='word_1_30' title='bbox 909 972 972 1022; x_wconf 75' lang='lat' dir='ltr'>de</span> <span class='ocrx_word' id='word_1_31' title='bbox 1081 977 1283 1038; x_wconf 86' lang='lat' dir='ltr'>Immo</span> <span class='ocrx_word' id='word_1_32' title='bbox 1303 985 1432 1037; x_wconf 85' lang='lat' dir='ltr'>tum</span> <span class='ocrx_word' id='word_1_33' title='bbox 1467 996 1707 1057; x_wconf 87' lang='lat' dir='ltr'>quoque</span> <span class='ocrx_word' id='word_1_34' title='bbox 1740 997 1859 1036; x_wconf 88' lang='lat' dir='ltr'>non</span> <span class='ocrx_word' id='word_1_35' title='bbox 1885 974 2222 1047; x_wconf 80' lang='lat' dir='ltr'>defuerunt,</span> <span class='ocrx_word' id='word_1_36' title='bbox 2252 975 2357 1054; x_wconf 89' lang='lat' dir='ltr'>qui</span> <span class='ocrx_word' id='word_1_37' title='bbox 2392 974 2679 1046; x_wconf 75' lang='lat' dir='ltr'>dicerent,</span> <span class='ocrx_word' id='word_1_38' title='bbox 2708 973 2995 1034; x_wconf 70' lang='lat' dir='ltr'>Crassum</span> 
     </span>
     <span class='ocr_line' id='line_1_6' title="bbox 753 1037 2995 1152; baseline -0.003 -17"><span class='ocrx_word' id='word_1_39' title='bbox 753 1037 939 1088; x_wconf 77' lang='lat' dir='ltr'>Omn.</span> <span class='ocrx_word' id='word_1_40' title='bbox 957 1041 1041 1088; x_wconf 74' lang='lat'>24.</span> <span class='ocrx_word' id='word_1_41' title='bbox 1079 1075 1214 1134; x_wconf 91' lang='lat' dir='ltr'>acui</span> <span class='ocrx_word' id='word_1_42' title='bbox 1239 1072 1707 1135; x_wconf 85' lang='lat' dir='ltr'>adolescentium</span> <span class='ocrx_word' id='word_1_43' title='bbox 1734 1073 1993 1151; x_wconf 82' lang='lat' dir='ltr'>ingenia,</span> <span class='ocrx_word' id='word_1_44' title='bbox 2019 1072 2205 1133; x_wconf 77' lang='lat' dir='ltr'>veluti</span> <span class='ocrx_word' id='word_1_45' title='bbox 2232 1092 2339 1152; x_wconf 87' lang='lat' dir='ltr'>per</span> <span class='ocrx_word' id='word_1_46' title='bbox 2362 1071 2671 1140; x_wconf 77' lang='lat' dir='ltr'>invidiam,</span> <span class='ocrx_word' id='word_1_47' title='bbox 2698 1070 2995 1130; x_wconf 81' lang='lat' dir='ltr'>noluisse:</span> 
     </span>
     <span class='ocr_line' id='line_1_7' title="bbox 1076 1166 2997 1248; baseline -0.003 -17"><span class='ocrx_word' id='word_1_48' title='bbox 1076 1191 1216 1232; x_wconf 83' lang='lat' dir='ltr'>cnm</span> <span class='ocrx_word' id='word_1_49' title='bbox 1243 1169 1346 1231; x_wconf 89' lang='lat' dir='ltr'>ille</span> <span class='ocrx_word' id='word_1_50' title='bbox 1369 1179 1602 1241; x_wconf 85' lang='lat' dir='ltr'>contra,</span> <span class='ocrx_word' id='word_1_51' title='bbox 1624 1169 1863 1248; x_wconf 84' lang='lat' dir='ltr'>ingenia</span> <span class='ocrx_word' id='word_1_52' title='bbox 1886 1169 2163 1240; x_wconf 87' lang='lat' dir='ltr'>obtundi,</span> <span class='ocrx_word' id='word_1_53' title='bbox 2180 1169 2545 1229; x_wconf 85' lang='lat' dir='ltr'>corroborari</span> <span class='ocrx_word' id='word_1_54' title='bbox 2566 1166 2997 1248; x_wconf 77' lang='lat' dir='ltr'>impudentiam</span> 
     </span>
     <span class='ocr_line' id='line_1_8' title="bbox 1078 1262 2991 1345; baseline -0.001 -19"><span class='ocrx_word' id='word_1_55' title='bbox 1078 1265 1286 1328; x_wconf 83' lang='lat' dir='ltr'>nollet.</span> <span class='ocrx_word' id='word_1_56' title='bbox 1369 1265 1765 1345; x_wconf 83' lang='lat' dir='ltr'>Intelligebat</span> <span class='ocrx_word' id='word_1_57' title='bbox 1800 1267 1961 1326; x_wconf 88' lang='lat' dir='ltr'>enim</span> <span class='ocrx_word' id='word_1_58' title='bbox 2000 1267 2095 1327; x_wconf 75' lang='lat' dir='ltr'>vir</span> <span class='ocrx_word' id='word_1_59' title='bbox 2133 1265 2656 1344; x_wconf 69' lang='lat' dir='ltr'>ingeniosissimus,</span> <span class='ocrx_word' id='word_1_60' title='bbox 2680 1262 2845 1344; x_wconf 88' lang='lat' dir='ltr'>quod</span> <span class='ocrx_word' id='word_1_61' title='bbox 2874 1263 2991 1324; x_wconf 85' lang='lat' dir='ltr'>uti·</span> 
     </span>
     <span class='ocr_line' id='line_1_9' title="bbox 1077 1359 2993 1444; baseline -0.002 -21"><span class='ocrx_word' id='word_1_62' title='bbox 1077 1385 1216 1426; x_wconf 83' lang='lat' dir='ltr'>nam</span> <span class='ocrx_word' id='word_1_63' title='bbox 1251 1384 1456 1424; x_wconf 88' lang='lat' dir='ltr'>omnes</span> <span class='ocrx_word' id='word_1_64' title='bbox 1493 1364 1602 1444; x_wconf 88' lang='lat' dir='ltr'>qui</span> <span class='ocrx_word' id='word_1_65' title='bbox 1642 1363 1987 1424; x_wconf 78' lang='lat' dir='ltr'>civitatibus</span> <span class='ocrx_word' id='word_1_66' title='bbox 2022 1371 2284 1443; x_wconf 63' lang='lat' dir='ltr'>praesunt</span> <span class='ocrx_word' id='word_1_67' title='bbox 2308 1363 2324 1422; x_wconf 85' lang='grc' dir='ltr'>Ι</span> <span class='ocrx_word' id='word_1_68' title='bbox 2387 1371 2615 1441; x_wconf 88' lang='lat' dir='ltr'>quanto</span> <span class='ocrx_word' id='word_1_69' title='bbox 2648 1359 2993 1441; x_wconf 65' lang='lat' dir='ltr'>reipublice</span> 
     </span>
     <span class='ocr_line' id='line_1_10' title="bbox 1077 1458 2991 1541; baseline -0.002 -20"><span class='ocrx_word' id='word_1_70' title='bbox 1077 1461 1606 1522; x_wconf 84' lang='lat' dir='ltr'>dehonestamento</span> <span class='ocrx_word' id='word_1_71' title='bbox 1642 1470 1709 1520; x_wconf 89' lang='lat' dir='ltr'>et</span> <span class='ocrx_word' id='word_1_72' title='bbox 1726 1459 2019 1541; x_wconf 86' lang='lat' dir='ltr'>periculo,</span> <span class='ocrx_word' id='word_1_73' title='bbox 2046 1459 2475 1520; x_wconf 85' lang='lat' dir='ltr'>adolescentuli</span> <span class='ocrx_word' id='word_1_74' title='bbox 2516 1479 2625 1540; x_wconf 90' lang='lat' dir='ltr'>pro</span> <span class='ocrx_word' id='word_1_75' title='bbox 2648 1458 2905 1537; x_wconf 80' lang='lat' dir='ltr'>egregiis</span> <span class='ocrx_word' id='word_1_76' title='bbox 2929 1465 2991 1518; x_wconf 87' lang='lat' dir='ltr'>et</span> 
     </span>
     <span class='ocr_line' id='line_1_11' title="bbox 1073 1553 2991 1638; baseline -0.003 -19"><span class='ocrx_word' id='word_1_77' title='bbox 1073 1558 1418 1638; x_wconf 78' lang='lat' dir='ltr'>profuturis,</span> <span class='ocrx_word' id='word_1_78' title='bbox 1446 1558 1725 1632; x_wconf 88' lang='lat' dir='ltr'>absurda,</span> <span class='ocrx_word' id='word_1_79' title='bbox 1757 1557 1946 1630; x_wconf 81' lang='lat' dir='ltr'>fatua,</span> <span class='ocrx_word' id='word_1_80' title='bbox 1968 1567 2033 1619; x_wconf 87' lang='lat' dir='ltr'>et</span> <span class='ocrx_word' id='word_1_81' title='bbox 2056 1559 2134 1620; x_wconf 88' lang='lat' dir='ltr'>ab</span> <span class='ocrx_word' id='word_1_82' title='bbox 2152 1579 2259 1618; x_wconf 89' lang='lat' dir='ltr'>usu</span> <span class='ocrx_word' id='word_1_83' title='bbox 2280 1579 2469 1618; x_wconf 87' lang='lat' dir='ltr'>rerum</span> <span class='ocrx_word' id='word_1_84' title='bbox 2488 1557 2869 1618; x_wconf 70' lang='lat' dir='ltr'><strong>abhorrentia</strong></span> <span class='ocrx_word' id='word_1_85' title='bbox 2882 1553 2991 1615; x_wconf 85' lang='lat' dir='ltr'>do-</span> 
     </span>
    </p>

    <p class='ocr_par' dir='ltr' id='par_1_4' title="bbox 1076 1659 1345 1716">
     <span class='ocr_line' id='line_1_12' title="bbox 1076 1659 1345 1716; baseline 0.004 -1"><span class='ocrx_word' id='word_1_86' title='bbox 1076 1659 1345 1716; x_wconf 77' lang='lat' dir='ltr'>ceantur.</span> 
     </span>
    </p>

    <p class='ocr_par' dir='ltr' id='par_1_5' title="bbox 1157 1750 2989 1833">
     <span class='ocr_line' id='line_1_13' title="bbox 1157 1750 2989 1833; baseline -0.002 -18"><span class='ocrx_word' id='word_1_87' title='bbox 1157 1760 1258 1814; x_wconf 80' lang='lat'>39.</span> <span class='ocrx_word' id='word_1_88' title='bbox 1303 1753 1586 1814; x_wconf 85' lang='lat' dir='ltr'>Ceterum</span> <span class='ocrx_word' id='word_1_89' title='bbox 1595 1754 1937 1814; x_wconf 77' lang='lat' dir='ltr'>censoribus</span> <span class='ocrx_word' id='word_1_90' title='bbox 1953 1751 2114 1812; x_wconf 84' lang='lat' dir='ltr'>haud</span> <span class='ocrx_word' id='word_1_91' title='bbox 2134 1750 2271 1833; x_wconf 86' lang='lat' dir='ltr'>plus</span> <span class='ocrx_word' id='word_1_92' title='bbox 2284 1761 2491 1812; x_wconf 85' lang='lat' dir='ltr'>contra</span> <span class='ocrx_word' id='word_1_93' title='bbox 2510 1771 2701 1812; x_wconf 83' lang='lat' dir='ltr'>mores</span> <span class='ocrx_word' id='word_1_94' title='bbox 2714 1751 2989 1822; x_wconf 84' lang='lat' dir='ltr'>aliorum,</span> 
     </span>
    </p>

    <p class='ocr_par' dir='ltr' id='par_1_6' title="bbox 779 1846 2991 1932">
     <span class='ocr_line' id='line_1_14' title="bbox 779 1846 2991 1932; baseline -0.002 -21"><span class='ocrx_word' id='word_1_95' title='bbox 779 1846 842 1897; x_wconf 76' lang='lat' dir='ltr'>ci</span> <span class='ocrx_word' id='word_1_96' title='bbox 825 1863 888 1896; x_wconf 78' lang='lat'>¹⁰·</span> <span class='ocrx_word' id='word_1_97' title='bbox 904 1847 1051 1899; x_wconf 64' lang='lat'>&#39;13⁰²‘-</span> <span class='ocrx_word' id='word_1_98' title='bbox 1077 1871 1260 1930; x_wconf 85' lang='lat' dir='ltr'>quam</span> <span class='ocrx_word' id='word_1_99' title='bbox 1285 1861 1525 1932; x_wconf 87' lang='lat' dir='ltr'>propter</span> <span class='ocrx_word' id='word_1_100' title='bbox 1548 1871 1685 1912; x_wconf 85' lang='lat' dir='ltr'>suos</span> <span class='ocrx_word' id='word_1_101' title='bbox 1708 1851 2043 1915; x_wconf 68' lang='lat' dir='ltr'>certaminis</span> <span class='ocrx_word' id='word_1_102' title='bbox 2060 1849 2193 1910; x_wconf 77' lang='lat' dir='ltr'>fuit.</span> <span class='ocrx_word' id='word_1_103' title='bbox 2278 1849 2479 1910; x_wconf 85' lang='lat' dir='ltr'>Crassi</span> <span class='ocrx_word' id='word_1_104' title='bbox 2502 1848 2759 1910; x_wconf 87' lang='lat' dir='ltr'>celebris</span> <span class='ocrx_word' id='word_1_105' title='bbox 2782 1857 2991 1908; x_wconf 69' lang='lat' dir='ltr'>eoum</span> 
     </span>
    </p>
   </div>
   <div class='ocr_carea' id='block_1_3' title="bbox 746 1917 2991 2057">
    <p class='ocr_par' dir='ltr' id='par_1_7' title="bbox 746 1917 2991 2057">
     <span class='ocr_line' id='line_1_15' title="bbox 746 1917 2991 2057; baseline -0.003 -45.889"><span class='ocrx_word' id='word_1_106' title='bbox 746 1917 988 2026; x_wconf 58' lang='lat' dir='ltr'>‘&#39;h-⁴⁴:⁶0</span> <span class='ocrx_word' id='word_1_107' title='bbox 1076 1947 1374 2026; x_wconf 77' lang='lat' dir='ltr'>collegam</span> <span class='ocrx_word' id='word_1_108' title='bbox 1407 1950 1598 2008; x_wconf 86' lang='lat' dir='ltr'>oratio</span> <span class='ocrx_word' id='word_1_109' title='bbox 1632 1947 1771 2020; x_wconf 79' lang='lat' dir='ltr'>fuit,</span> <span class='ocrx_word' id='word_1_110' title='bbox 1810 1967 1951 2028; x_wconf 88' lang='lat' dir='ltr'>qua,</span> <span class='ocrx_word' id='word_1_111' title='bbox 1980 1949 2043 2007; x_wconf 92' lang='lat' dir='ltr'>in</span> <span class='ocrx_word' id='word_1_112' title='bbox 2078 1948 2346 2007; x_wconf 86' lang='lat' dir='ltr'>maxima</span> <span class='ocrx_word' id='word_1_113' title='bbox 2370 1945 2581 2057; x_wconf 87' lang='lat' dir='ltr'>populi</span> <span class='ocrx_word' id='word_1_114' title='bbox 2606 1945 2916 2016; x_wconf 82' lang='lat' dir='ltr'>concione,</span> <span class='ocrx_word' id='word_1_115' title='bbox 2942 1945 2991 2004; x_wconf 87' lang='lat' dir='ltr'>si</span> 
     </span>
    </p>
   </div>
   <div class='ocr_carea' id='block_1_4' title="bbox 735 2039 2992 4300">
    <p class='ocr_par' dir='ltr' id='par_1_8' title="bbox 749 2039 2992 2512">
     <span class='ocr_line' id='line_1_16' title="bbox 749 2039 2991 2154; baseline -0.001 -52"><span class='ocrx_word' id='word_1_116' title='bbox 749 2040 1016 2092; x_wconf 61' lang='grc'><strong>01.11·50·</strong></span> <span class='ocrx_word' id='word_1_117' title='bbox 1051 2063 1338 2154; x_wconf 82' lang='lat' dir='ltr'>unquam</span> <span class='ocrx_word' id='word_1_118' title='bbox 1379 2043 1515 2114; x_wconf 81' lang='lat' dir='ltr'>fuit,</span> <span class='ocrx_word' id='word_1_119' title='bbox 1559 2044 1679 2104; x_wconf 87' lang='lat' dir='ltr'>Cn.</span> <span class='ocrx_word' id='word_1_120' title='bbox 1730 2043 2063 2104; x_wconf 84' lang='lat' dir='ltr'>Domitium</span> <span class='ocrx_word' id='word_1_121' title='bbox 2100 2043 2264 2104; x_wconf 85' lang='lat' dir='ltr'>haud</span> <span class='ocrx_word' id='word_1_122' title='bbox 2312 2044 2509 2103; x_wconf 84' lang='lat' dir='ltr'>minus</span> <span class='ocrx_word' id='word_1_123' title='bbox 2546 2039 2785 2102; x_wconf 74' lang='lat' dir='ltr'>facetis-</span> <span class='ocrx_word' id='word_1_124' title='bbox 2808 2059 2991 2120; x_wconf 84' lang='lat' dir='ltr'>quam</span> 
     </span>
     <span class='ocr_line' id='line_1_17' title="bbox 1051 2139 2989 2222; baseline -0.001 -21.98"><span class='ocrx_word' id='word_1_125' title='bbox 1051 2139 1237 2201; x_wconf 83' lang='lat' dir='ltr'>seriis</span> <span class='ocrx_word' id='word_1_126' title='bbox 1261 2141 1769 2222; x_wconf 79' lang='lat' dir='ltr'>prudentibusque</span> <span class='ocrx_word' id='word_1_127' title='bbox 1793 2141 1969 2202; x_wconf 88' lang='lat' dir='ltr'>dictis</span> <span class='ocrx_word' id='word_1_128' title='bbox 1992 2142 2227 2202; x_wconf 85' lang='lat' dir='ltr'>obruit:</span> <span class='ocrx_word' id='word_1_129' title='bbox 2269 2141 2331 2199; x_wconf 90' lang='lat' dir='ltr'>in</span> <span class='ocrx_word' id='word_1_130' title='bbox 2356 2149 2605 2220; x_wconf 80' lang='lat' dir='ltr'>utroque</span> <span class='ocrx_word' id='word_1_131' title='bbox 2642 2159 2857 2219; x_wconf 79' lang='lat' dir='ltr'>genere</span> <span class='ocrx_word' id='word_1_132' title='bbox 2884 2159 2989 2220; x_wconf 87' lang='lat' dir='ltr'>pa-</span> 
     </span>
     <span class='ocr_line' id='line_1_18' title="bbox 1071 2237 2992 2319; baseline 0 -23"><span class='ocrx_word' id='word_1_133' title='bbox 1071 2238 1214 2299; x_wconf 86' lang='lat' dir='ltr'>riter</span> <span class='ocrx_word' id='word_1_134' title='bbox 1247 2237 1508 2310; x_wconf 80' lang='lat' dir='ltr'>validus,</span> <span class='ocrx_word' id='word_1_135' title='bbox 1533 2239 1871 2319; x_wconf 76' lang='lat' dir='ltr'>ingeniique</span> <span class='ocrx_word' id='word_1_136' title='bbox 1897 2246 2021 2298; x_wconf 82' lang='lat' dir='ltr'>tam</span> <span class='ocrx_word' id='word_1_137' title='bbox 2044 2237 2383 2299; x_wconf 77' lang='lat' dir='ltr'>admirabili</span> <span class='ocrx_word' id='word_1_138' title='bbox 2410 2245 2900 2318; x_wconf 86' lang='lat' dir='ltr'>temperamento,</span> <span class='ocrx_word' id='word_1_139' title='bbox 2926 2245 2992 2298; x_wconf 85' lang='lat' dir='ltr'>ut</span> 
     </span>
     <span class='ocr_line' id='line_1_19' title="bbox 1071 2335 2987 2415; baseline -0.001 -21"><span class='ocrx_word' id='word_1_140' title='bbox 1071 2336 1496 2396; x_wconf 79' lang='lat' dir='ltr'>urbanissimus</span> <span class='ocrx_word' id='word_1_141' title='bbox 1533 2336 1996 2415; x_wconf 87' lang='lat' dir='ltr'>salsissimusque</span> <span class='ocrx_word' id='word_1_142' title='bbox 2038 2337 2327 2406; x_wconf 86' lang='lat' dir='ltr'>omnium,</span> <span class='ocrx_word' id='word_1_143' title='bbox 2372 2335 2651 2415; x_wconf 82' lang='lat' dir='ltr'>idemque</span> <span class='ocrx_word' id='word_1_144' title='bbox 2688 2335 2987 2395; x_wconf 82' lang='lat' dir='ltr'>severissi—</span> 
     </span>
     <span class='ocr_line' id='line_1_20' title="bbox 1071 2431 2986 2512; baseline 0.001 -22"><span class='ocrx_word' id='word_1_145' title='bbox 1071 2451 1202 2492; x_wconf 86' lang='lat' dir='ltr'>mus</span> <span class='ocrx_word' id='word_1_146' title='bbox 1227 2443 1290 2492; x_wconf 86' lang='lat' dir='ltr'>et</span> <span class='ocrx_word' id='word_1_147' title='bbox 1312 2434 1687 2512; x_wconf 82' lang='lat' dir='ltr'>gravissimus</span> <span class='ocrx_word' id='word_1_148' title='bbox 1720 2432 2077 2493; x_wconf 78' lang='lat' dir='ltr'>videretur.&#39;</span> <span class='ocrx_word' id='word_1_149' title='bbox 2128 2432 2227 2493; x_wconf 90' lang='lat' dir='ltr'>De</span> <span class='ocrx_word' id='word_1_150' title='bbox 2266 2432 2385 2493; x_wconf 83' lang='lat' dir='ltr'>Cn.</span> <span class='ocrx_word' id='word_1_151' title='bbox 2424 2431 2695 2492; x_wconf 86' lang='lat' dir='ltr'>Domitio</span> <span class='ocrx_word' id='word_1_152' title='bbox 2736 2432 2986 2492; x_wconf 85' lang='lat' dir='ltr'>Aheno·</span> 
     </span>
    </p>

    <p class='ocr_par' dir='ltr' id='par_1_9' title="bbox 777 2517 2987 2610">
     <span class='ocr_line' id='line_1_21' title="bbox 777 2517 2987 2610; baseline 0 -21"><span class='ocrx_word' id='word_1_153' title='bbox 777 2517 972 2609; x_wconf 55' lang='lat' dir='ltr'>Sueten:</span> <span class='ocrx_word' id='word_1_154' title='bbox 1071 2531 1262 2590; x_wconf 88' lang='lat' dir='ltr'>barbo</span> <span class='ocrx_word' id='word_1_155' title='bbox 1301 2530 1480 2602; x_wconf 80' lang='lat' dir='ltr'>dixit,</span> <span class='ocrx_word' id='word_1_156' title='bbox 1513 2539 1530 2566; x_wconf 90' lang='lat'>‘</span> <span class='ocrx_word' id='word_1_157' title='bbox 1555 2551 1673 2592; x_wconf 89' lang='lat' dir='ltr'>non</span> <span class='ocrx_word' id='word_1_158' title='bbox 1710 2551 1837 2590; x_wconf 87' lang='lat' dir='ltr'>esse</span> <span class='ocrx_word' id='word_1_159' title='bbox 1866 2529 2225 2602; x_wconf 87' lang='lat' dir='ltr'>mirandum,</span> <span class='ocrx_word' id='word_1_160' title='bbox 2263 2529 2427 2610; x_wconf 89' lang='lat' dir='ltr'>quod</span> <span class='ocrx_word' id='word_1_161' title='bbox 2458 2531 2717 2590; x_wconf 80' lang='lat' dir='ltr'>ahenam</span> <span class='ocrx_word' id='word_1_162' title='bbox 2738 2531 2987 2590; x_wconf 85' lang='lat' dir='ltr'>barbam</span> 
     </span>
    </p>

    <p class='ocr_par' dir='ltr' id='par_1_10' title="bbox 827 2599 2581 2708">
     <span class='ocr_line' id='line_1_22' title="bbox 827 2599 2581 2708; baseline 0.002 -22"><span class='ocrx_word' id='word_1_163' title='bbox 827 2599 924 2633; x_wconf 52' lang='grc' dir='ltr'>η’</span> <span class='ocrx_word' id='word_1_164' title='bbox 981 2619 996 2634; x_wconf 83' lang='grc'><strong>”</strong></span> <span class='ocrx_word' id='word_1_165' title='bbox 1071 2626 1341 2698; x_wconf 82' lang='lat' dir='ltr'>haberet,</span> <span class='ocrx_word' id='word_1_166' title='bbox 1371 2629 1469 2689; x_wconf 86' lang='lat' dir='ltr'>cui</span> <span class='ocrx_word' id='word_1_167' title='bbox 1493 2637 1651 2688; x_wconf 87' lang='lat' dir='ltr'>esset</span> <span class='ocrx_word' id='word_1_168' title='bbox 1674 2647 1741 2688; x_wconf 84' lang='lat' dir='ltr'>os</span> <span class='ocrx_word' id='word_1_169' title='bbox 1764 2628 2039 2700; x_wconf 78' lang='lat' dir='ltr'>ferreum,</span> <span class='ocrx_word' id='word_1_170' title='bbox 2066 2647 2169 2688; x_wconf 89' lang='lat' dir='ltr'>cor</span> <span class='ocrx_word' id='word_1_171' title='bbox 2194 2627 2581 2708; x_wconf 63' lang='lat' dir='ltr'>plumbeum!</span> 
     </span>
    </p>

    <p class='ocr_par' dir='ltr' id='par_1_11' title="bbox 741 2723 2987 3961">
     <span class='ocr_line' id='line_1_23' title="bbox 741 2723 2983 2796; baseline 0.001 -12"><span class='ocrx_word' id='word_1_172' title='bbox 741 2725 842 2778; x_wconf 76' lang='lat' dir='ltr'>Jul·</span> <span class='ocrx_word' id='word_1_173' title='bbox 861 2727 982 2776; x_wconf 82' lang='lat' dir='ltr'>Ob·-</span> <span class='ocrx_word' id='word_1_174' title='bbox 1151 2731 1252 2784; x_wconf 87' lang='grc'>40.</span> <span class='ocrx_word' id='word_1_175' title='bbox 1297 2723 1469 2786; x_wconf 82' lang='lat' dir='ltr'>Novi</span> <span class='ocrx_word' id='word_1_176' title='bbox 1495 2727 1645 2785; x_wconf 83' lang='lat' dir='ltr'>inter</span> <span class='ocrx_word' id='word_1_177' title='bbox 1668 2725 1798 2785; x_wconf 85' lang='lat' dir='ltr'>haec</span> <span class='ocrx_word' id='word_1_178' title='bbox 1822 2725 2093 2786; x_wconf 87' lang='lat' dir='ltr'>consules</span> <span class='ocrx_word' id='word_1_179' title='bbox 2130 2725 2206 2785; x_wconf 85' lang='lat' dir='ltr'>C.</span> <span class='ocrx_word' id='word_1_180' title='bbox 2238 2724 2533 2785; x_wconf 83' lang='lat' dir='ltr'>Claudius</span> <span class='ocrx_word' id='word_1_181' title='bbox 2564 2724 2869 2796; x_wconf 66' lang='lat' dir='ltr'>Pulcher,</span> <span class='ocrx_word' id='word_1_182' title='bbox 2888 2725 2983 2786; x_wconf 82' lang='lat' dir='ltr'>M.</span> 
     </span>
     <span class='ocr_line' id='line_1_24' title="bbox 1069 2821 2987 2904; baseline 0.001 -23"><span class='ocrx_word' id='word_1_183' title='bbox 1069 2821 1380 2902; x_wconf 78' lang='lat' dir='ltr'>Perperna</span> <span class='ocrx_word' id='word_1_184' title='bbox 1399 2822 1891 2904; x_wconf 74' lang='lat' dir='ltr'>supplicationem</span> <span class='ocrx_word' id='word_1_185' title='bbox 1912 2822 1989 2882; x_wconf 89' lang='lat' dir='ltr'>ad</span> <span class='ocrx_word' id='word_1_186' title='bbox 2008 2822 2345 2903; x_wconf 73' lang='lat' dir='ltr'>pulvinaria</span> <span class='ocrx_word' id='word_1_187' title='bbox 2359 2822 2623 2882; x_wconf 86' lang='lat' dir='ltr'>Deorum</span> <span class='ocrx_word' id='word_1_188' title='bbox 2644 2821 2987 2882; x_wconf 80' lang='lat' dir='ltr'>indixerunt</span> 
     </span>
     <span class='ocr_line' id='line_1_25' title="bbox 1069 2919 2985 3000; baseline 0 -20"><span class='ocrx_word' id='word_1_189' title='bbox 1069 2919 1468 2999; x_wconf 81' lang='lat' dir='ltr'>prodigiorum</span> <span class='ocrx_word' id='word_1_190' title='bbox 1513 2940 1695 2981; x_wconf 87' lang='lat' dir='ltr'>causa</span> <span class='ocrx_word' id='word_1_191' title='bbox 1717 2940 1734 2980; x_wconf 72' lang='grc' dir='ltr'><strong>ε</strong></span> <span class='ocrx_word' id='word_1_192' title='bbox 1756 2921 1791 2954; x_wconf 69' lang='grc'><strong>“</strong></span> <span class='ocrx_word' id='word_1_193' title='bbox 1853 2920 2015 3000; x_wconf 89' lang='lat' dir='ltr'>quod</span> <span class='ocrx_word' id='word_1_194' title='bbox 2064 2921 2124 2980; x_wconf 90' lang='lat' dir='ltr'>in</span> <span class='ocrx_word' id='word_1_195' title='bbox 2172 2920 2319 2980; x_wconf 77' lang='lat' dir='ltr'>aede&#39;</span> <span class='ocrx_word' id='word_1_196' title='bbox 2346 2920 2630 2981; x_wconf 60' lang='lat' dir='ltr'>Fortunae</span> <span class='ocrx_word' id='word_1_197' title='bbox 2676 2919 2985 3000; x_wconf 83' lang='lat' dir='ltr'>Equestris</span> 
     </span>
     <span class='ocr_line' id='line_1_26' title="bbox 1067 3015 2985 3098; baseline 0.002 -23"><span class='ocrx_word' id='word_1_198' title='bbox 1067 3017 1230 3077; x_wconf 88' lang='lat' dir='ltr'>bubo</span> <span class='ocrx_word' id='word_1_199' title='bbox 1277 3017 1733 3098; x_wconf 86' lang='lat' dir='ltr'>comprehensus</span> <span class='ocrx_word' id='word_1_200' title='bbox 1784 3019 1937 3076; x_wconf 85' lang='lat' dir='ltr'>inter</span> <span class='ocrx_word' id='word_1_201' title='bbox 1974 3036 2183 3076; x_wconf 89' lang='lat' dir='ltr'>manus</span> <span class='ocrx_word' id='word_1_202' title='bbox 2226 3017 2624 3098; x_wconf 80' lang='lat' dir='ltr'>expiraverat.</span> <span class='ocrx_word' id='word_1_203' title='bbox 2734 3015 2985 3078; x_wconf 59' lang='lat' dir='ltr'>Faesulis</span> 
     </span>
     <span class='ocr_line' id='line_1_27' title="bbox 1066 3111 2981 3194; baseline 0.001 -23"><span class='ocrx_word' id='word_1_204' title='bbox 1066 3111 1330 3173; x_wconf 83' lang='lat' dir='ltr'>fremitus</span> <span class='ocrx_word' id='word_1_205' title='bbox 1347 3123 1520 3174; x_wconf 79' lang='lat' dir='ltr'>terrae</span> <span class='ocrx_word' id='word_1_206' title='bbox 1547 3111 1823 3173; x_wconf 82' lang='lat' dir='ltr'>auditus:</span> <span class='ocrx_word' id='word_1_207' title='bbox 1866 3133 2015 3194; x_wconf 83' lang='lat' dir='ltr'>puer</span> <span class='ocrx_word' id='word_1_208' title='bbox 2031 3134 2108 3174; x_wconf 85' lang='lat' dir='ltr'>ex</span> <span class='ocrx_word' id='word_1_209' title='bbox 2128 3113 2351 3173; x_wconf 88' lang='lat' dir='ltr'>ancilla</span> <span class='ocrx_word' id='word_1_210' title='bbox 2368 3122 2543 3173; x_wconf 88' lang='lat' dir='ltr'>natus</span> <span class='ocrx_word' id='word_1_211' title='bbox 2554 3114 2679 3173; x_wconf 78' lang='lat' dir='ltr'>sine</span> <span class='ocrx_word' id='word_1_212' title='bbox 2692 3111 2981 3174; x_wconf 79' lang='lat' dir='ltr'>foramine</span> 
     </span>
     <span class='ocr_line' id='line_1_28' title="bbox 1067 3209 2979 3291; baseline -0.001 -22"><span class='ocrx_word' id='word_1_213' title='bbox 1067 3219 1315 3283; x_wconf 72' lang='lat' dir='ltr'>naturae,</span> <span class='ocrx_word' id='word_1_214' title='bbox 1351 3231 1474 3291; x_wconf 88' lang='lat' dir='ltr'>qua</span> <span class='ocrx_word' id='word_1_215' title='bbox 1507 3211 1721 3270; x_wconf 85' lang='lat' dir='ltr'>humor</span> <span class='ocrx_word' id='word_1_216' title='bbox 1750 3210 2079 3279; x_wconf 72' lang='lat' dir='ltr'>emittitur:</span> <span class='ocrx_word' id='word_1_217' title='bbox 2126 3209 2337 3270; x_wconf 89' lang='lat' dir='ltr'>mulier</span> <span class='ocrx_word' id='word_1_218' title='bbox 2366 3210 2595 3290; x_wconf 87' lang='lat' dir='ltr'>duplici</span> <span class='ocrx_word' id='word_1_219' title='bbox 2638 3219 2855 3270; x_wconf 84' lang='lat' dir='ltr'>natura</span> <span class='ocrx_word' id='word_1_220' title='bbox 2888 3211 2979 3268; x_wconf 88' lang='lat' dir='ltr'>in-</span> 
     </span>
     <span class='ocr_line' id='line_1_29' title="bbox 1065 3306 2977 3376; baseline 0.001 -10"><span class='ocrx_word' id='word_1_221' title='bbox 1065 3316 1279 3376; x_wconf 80' lang='lat' dir='ltr'>venta3</span> <span class='ocrx_word' id='word_1_222' title='bbox 1338 3306 1445 3367; x_wconf 86' lang='lat' dir='ltr'>fax</span> <span class='ocrx_word' id='word_1_223' title='bbox 1491 3309 1554 3367; x_wconf 88' lang='lat' dir='ltr'>in</span> <span class='ocrx_word' id='word_1_224' title='bbox 1597 3307 1753 3368; x_wconf 87' lang='lat' dir='ltr'>coelo</span> <span class='ocrx_word' id='word_1_225' title='bbox 1794 3308 1956 3376; x_wconf 80' lang='lat' dir='ltr'>visa3</span> <span class='ocrx_word' id='word_1_226' title='bbox 2016 3309 2126 3366; x_wconf 87' lang='lat' dir='ltr'>bos</span> <span class='ocrx_word' id='word_1_227' title='bbox 2171 3307 2375 3368; x_wconf 87' lang='lat' dir='ltr'>locuta</span> <span class='ocrx_word' id='word_1_228' title='bbox 2424 3307 2657 3368; x_wconf 82' lang='lat' dir='ltr'>fuerat:</span> <span class='ocrx_word' id='word_1_229' title='bbox 2722 3327 2977 3368; x_wconf 77' lang='lat' dir='ltr'>examen</span> 
     </span>
     <span class='ocr_line' id='line_1_30' title="bbox 1068 3402 2981 3484; baseline 0.001 -20"><span class='ocrx_word' id='word_1_230' title='bbox 1068 3411 1244 3484; x_wconf 80' lang='lat' dir='ltr'>apu&#39;m</span> <span class='ocrx_word' id='word_1_231' title='bbox 1287 3404 1346 3463; x_wconf 89' lang='lat' dir='ltr'>in</span> <span class='ocrx_word' id='word_1_232' title='bbox 1387 3402 1643 3464; x_wconf 89' lang='lat' dir='ltr'>culmine</span> <span class='ocrx_word' id='word_1_233' title='bbox 1688 3404 1935 3484; x_wconf 79' lang='lat' dir='ltr'>privatae</span> <span class='ocrx_word' id='word_1_234' title='bbox 1969 3403 2179 3464; x_wconf 89' lang='lat' dir='ltr'>domus</span> <span class='ocrx_word' id='word_1_235' title='bbox 2218 3403 2603 3465; x_wconf 85' lang='lat' dir='ltr'>consederat:</span> <span class='ocrx_word' id='word_1_236' title='bbox 2646 3403 2981 3465; x_wconf 78' lang='lat' dir='ltr'>Volaterris</span> 
     </span>
     <span class='ocr_line' id='line_1_31' title="bbox 1065 3497 2977 3583; baseline 0.001 -23"><span class='ocrx_word' id='word_1_237' title='bbox 1065 3497 1368 3580; x_wconf 73' lang='lat' dir='ltr'>sanguinis</span> <span class='ocrx_word' id='word_1_238' title='bbox 1393 3501 1552 3561; x_wconf 81' lang='lat' dir='ltr'>rivus</span> <span class='ocrx_word' id='word_1_239' title='bbox 1576 3509 1954 3562; x_wconf 74' lang='lat' dir='ltr'>manaverat:</span> <span class='ocrx_word' id='word_1_240' title='bbox 1994 3500 2214 3561; x_wconf 83' lang='lat' dir='ltr'>Romae</span> <span class='ocrx_word' id='word_1_241' title='bbox 2244 3501 2401 3562; x_wconf 81' lang='lat' dir='ltr'>lacte</span> <span class='ocrx_word' id='word_1_242' title='bbox 2427 3502 2703 3583; x_wconf 84' lang='lat' dir='ltr'>pluerat:</span> <span class='ocrx_word' id='word_1_243' title='bbox 2748 3501 2977 3562; x_wconf 83' lang='lat' dir='ltr'>Arretii</span> 
     </span>
     <span class='ocr_line' id='line_1_32' title="bbox 1065 3596 2977 3680; baseline 0.001 -24"><span class='ocrx_word' id='word_1_244' title='bbox 1065 3596 1187 3656; x_wconf 86' lang='lat' dir='ltr'>duo</span> <span class='ocrx_word' id='word_1_245' title='bbox 1211 3596 1540 3676; x_wconf 73' lang='lat' dir='ltr'>androgyni</span> <span class='ocrx_word' id='word_1_246' title='bbox 1565 3598 1791 3657; x_wconf 81' lang='lat' dir='ltr'>inventi</span> <span class='ocrx_word' id='word_1_247' title='bbox 1815 3617 1832 3667; x_wconf 69' lang='grc' dir='ltr'><strong>ς</strong></span> <span class='ocrx_word' id='word_1_248' title='bbox 1878 3597 2079 3678; x_wconf 85' lang='lat' dir='ltr'>pullus</span> <span class='ocrx_word' id='word_1_249' title='bbox 2104 3599 2473 3677; x_wconf 80' lang='lat' dir='ltr'>gallinaceus</span> <span class='ocrx_word' id='word_1_250' title='bbox 2498 3598 2839 3680; x_wconf 82' lang='lat' dir='ltr'>quadrupes</span> <span class='ocrx_word' id='word_1_251' title='bbox 2872 3619 2977 3658; x_wconf 84' lang='lat' dir='ltr'>na-</span> 
     </span>
     <span class='ocr_line' id='line_1_33' title="bbox 1066 3691 2979 3778; baseline 0.002 -24"><span class='ocrx_word' id='word_1_252' title='bbox 1066 3703 1192 3763; x_wconf 77' lang='lat' dir='ltr'>tus:</span> <span class='ocrx_word' id='word_1_253' title='bbox 1237 3691 1484 3754; x_wconf 87' lang='lat' dir='ltr'>fulmine</span> <span class='ocrx_word' id='word_1_254' title='bbox 1524 3691 1807 3775; x_wconf 89' lang='lat' dir='ltr'>pleraque</span> <span class='ocrx_word' id='word_1_255' title='bbox 1849 3695 1973 3755; x_wconf 87' lang='lat' dir='ltr'>icta</span> <span class='ocrx_word' id='word_1_256' title='bbox 2012 3694 2267 3758; x_wconf 86' lang='lat' dir='ltr'>fuerant.</span> <span class='ocrx_word' id='word_1_257' title='bbox 2353 3695 2633 3778; x_wconf 88' lang='lat' dir='ltr'>Populus</span> <span class='ocrx_word' id='word_1_258' title='bbox 2669 3696 2875 3756; x_wconf 87' lang='lat' dir='ltr'>Cereri</span> <span class='ocrx_word' id='word_1_259' title='bbox 2914 3707 2979 3757; x_wconf 85' lang='lat' dir='ltr'>et</span> 
     </span>
     <span class='ocr_line' id='line_1_34' title="bbox 1066 3790 2975 3874; baseline 0.002 -23"><span class='ocrx_word' id='word_1_260' title='bbox 1066 3790 1444 3872; x_wconf 80' lang='lat' dir='ltr'>Proserpinae</span> <span class='ocrx_word' id='word_1_261' title='bbox 1469 3793 1685 3874; x_wconf 88' lang='lat' dir='ltr'>stipem</span> <span class='ocrx_word' id='word_1_262' title='bbox 1710 3792 1871 3852; x_wconf 85' lang='lat' dir='ltr'>tulit.</span> <span class='ocrx_word' id='word_1_263' title='bbox 1942 3792 2223 3872; x_wconf 87' lang='lat' dir='ltr'>Virgines</span> <span class='ocrx_word' id='word_1_264' title='bbox 2244 3794 2459 3873; x_wconf 75' lang='lat' dir='ltr'>viginti</span> <span class='ocrx_word' id='word_1_265' title='bbox 2484 3803 2712 3874; x_wconf 88' lang='lat' dir='ltr'>septem</span> <span class='ocrx_word' id='word_1_266' title='bbox 2736 3813 2975 3854; x_wconf 84' lang='lat' dir='ltr'>carmen</span> 
     </span>
     <span class='ocr_line' id='line_1_35' title="bbox 1062 3889 2035 3961; baseline 0.002 -13"><span class='ocrx_word' id='word_1_267' title='bbox 1062 3897 1364 3961; x_wconf 88' lang='lat' dir='ltr'>canentes,</span> <span class='ocrx_word' id='word_1_268' title='bbox 1391 3891 1598 3950; x_wconf 89' lang='lat' dir='ltr'>urbem</span> <span class='ocrx_word' id='word_1_269' title='bbox 1627 3889 2035 3950; x_wconf 78' lang='lat' dir='ltr'>lustraverunt.</span> 
     </span>
    </p>

    <p class='ocr_par' dir='ltr' id='par_1_12' title="bbox 737 3985 2974 4167">
     <span class='ocr_line' id='line_1_36' title="bbox 737 3985 2974 4069; baseline 0.001 -23"><span class='ocrx_word' id='word_1_270' title='bbox 737 3985 880 4052; x_wconf 75' lang='lat' dir='ltr'>Pigh.</span> <span class='ocrx_word' id='word_1_271' title='bbox 902 3985 1040 4038; x_wconf 73' lang='lat' dir='ltr'><strong>Anu.</strong></span> <span class='ocrx_word' id='word_1_272' title='bbox 1143 3993 1246 4046; x_wconf 88' lang='grc'>41.</span> <span class='ocrx_word' id='word_1_273' title='bbox 1291 3986 1581 4048; x_wconf 82' lang='lat' dir='ltr'>Censores</span> <span class='ocrx_word' id='word_1_274' title='bbox 1613 3987 1903 4047; x_wconf 81' lang='lat' dir='ltr'>recensito</span> <span class='ocrx_word' id='word_1_275' title='bbox 1932 3996 2164 4058; x_wconf 87' lang='lat' dir='ltr'>senatu,</span> <span class='ocrx_word' id='word_1_276' title='bbox 2200 3997 2263 4048; x_wconf 90' lang='lat' dir='ltr'>et</span> <span class='ocrx_word' id='word_1_277' title='bbox 2298 3987 2391 4048; x_wconf 91' lang='lat' dir='ltr'>M.</span> <span class='ocrx_word' id='word_1_278' title='bbox 2430 3987 2659 4049; x_wconf 88' lang='lat' dir='ltr'>Scauro</span> <span class='ocrx_word' id='word_1_279' title='bbox 2698 3997 2974 4069; x_wconf 74' lang='lat' dir='ltr'>quartum</span> 
     </span>
     <span class='ocr_line' id='line_1_37' title="bbox 1063 4083 2973 4167; baseline 0.003 -25"><span class='ocrx_word' id='word_1_280' title='bbox 1063 4083 1330 4165; x_wconf 88' lang='lat' dir='ltr'>principe</span> <span class='ocrx_word' id='word_1_281' title='bbox 1369 4083 1550 4157; x_wconf 88' lang='lat' dir='ltr'>lecto,</span> <span class='ocrx_word' id='word_1_282' title='bbox 1583 4084 1831 4145; x_wconf 90' lang='lat' dir='ltr'>lustrum</span> <span class='ocrx_word' id='word_1_283' title='bbox 1870 4083 2143 4145; x_wconf 86' lang='lat' dir='ltr'>fecerunt</span> <span class='ocrx_word' id='word_1_284' title='bbox 2178 4095 2413 4146; x_wconf 86' lang='lat' dir='ltr'>sextum</span> <span class='ocrx_word' id='word_1_285' title='bbox 2456 4097 2637 4167; x_wconf 80' lang='lat' dir='ltr'>atque</span> <span class='ocrx_word' id='word_1_286' title='bbox 2677 4089 2973 4166; x_wconf 78' lang='lat' dir='ltr'>sexagesi-</span> 
     </span>
    </p>

    <p class='ocr_par' dir='ltr' id='par_1_13' title="bbox 735 4181 2969 4300">
     <span class='ocr_line' id='line_1_38' title="bbox 735 4181 2969 4300; baseline 0.005 -67"><span class='ocrx_word' id='word_1_287' title='bbox 735 4183 869 4300; x_wconf 55' lang='grc' dir='ltr'>ῗιῖιιι.</span> <span class='ocrx_word' id='word_1_288' title='bbox 889 4201 1020 4238; x_wconf 82' lang='lat' dir='ltr'>xvu.</span> <span class='ocrx_word' id='word_1_289' title='bbox 1063 4197 1242 4242; x_wconf 87' lang='lat' dir='ltr'>mum.</span> <span class='ocrx_word' id='word_1_290' title='bbox 1327 4181 1472 4250; x_wconf 84' lang='lat' dir='ltr'>Quo</span> <span class='ocrx_word' id='word_1_291' title='bbox 1498 4184 1651 4271; x_wconf 79' lang='lat' dir='ltr'>inter</span> <span class='ocrx_word' id='word_1_292' title='bbox 1676 4203 1737 4242; x_wconf 90' lang='lat' dir='ltr'>se</span> <span class='ocrx_word' id='word_1_293' title='bbox 1762 4202 2073 4254; x_wconf 83' lang='lat' dir='ltr'>consensu,</span> <span class='ocrx_word' id='word_1_294' title='bbox 2101 4203 2219 4243; x_wconf 90' lang='lat' dir='ltr'>non</span> <span class='ocrx_word' id='word_1_295' title='bbox 2245 4185 2554 4266; x_wconf 84' lang='lat' dir='ltr'>reperitur.</span> <span class='ocrx_word' id='word_1_296' title='bbox 2640 4183 2969 4246; x_wconf 82' lang='lat' dir='ltr'>Censuram</span> 
     </span>
    </p>
   </div>
   <div class='ocr_carea' id='block_1_5' title="bbox 1625 4383 2397 4438">
    <p class='ocr_par' dir='ltr' id='par_1_14' title="bbox 1625 4383 2397 4438">
     <span class='ocr_line' id='line_1_39' title="bbox 1625 4383 2397 4438; baseline 0.004 -4"><span class='ocrx_word' id='word_1_297' title='bbox 1625 4384 1657 4413; x_wconf 65' lang='lat'><em>⁶</em></span> <span class='ocrx_word' id='word_1_298' title='bbox 1690 4383 1759 4435; x_wconf 82' lang='lat' dir='ltr'>A.</span> <span class='ocrx_word' id='word_1_299' title='bbox 1781 4384 1850 4438; x_wconf 86' lang='lat' dir='ltr'>U.</span> <span class='ocrx_word' id='word_1_300' title='bbox 1873 4385 2070 4436; x_wconf 55' lang='lat' dir='ltr'>csso.</span> <span class='ocrx_word' id='word_1_301' title='bbox 2134 4384 2200 4436; x_wconf 76' lang='lat' dir='ltr'>A.</span> <span class='ocrx_word' id='word_1_302' title='bbox 2226 4385 2288 4437; x_wconf 81' lang='lat' dir='ltr'>C.</span> <span class='ocrx_word' id='word_1_303' title='bbox 2312 4389 2397 4437; x_wconf 65' lang='lat' dir='ltr'>m..</span> 
     </span>
    </p>
   </div>
  </div>
 </body>
</html>
