3225 5242
757 562 966 615 mam
1017 560 1180 613 mn.
1225 560 1879 613 susannam-uu.
2249 540 2425 609 4193

199 696 342 778 lem,
381 704 544 770 baud
587 704 716 787 pari
761 702 1130 765 crudelitatis
1175 704 1441 785 praemio.
1553 700 1725 763 Nam
1768 700 2099 763 tenuiorum

199 804 464 884 gratuita
485 822 670 883 opera
693 801 836 861 fuit:
879 801 950 862 L.
979 799 1375 882 Septimuleio
1395 800 1743 879 Anagnino,
1762 799 1869 879 qui
1893 798 2105 859 lancea
2155 798 2329 850 cic.de
2342 797 2431 849 0¹·-

197 898 512 981 praefixum
533 898 676 959 Caii
701 906 884 979 caput
909 897 1214 969 attulerat,
1241 896 1472 978 aequale
1500 896 1629 957 auri
1648 894 1881 977 pondus
1904 914 2103 976 perso·
2126 868 2431 979 ffiffihdffi

203 996 400 1057 lutum
415 1005 522 1059 est.
569 996 916 1076 Eademque
935 1014 1028 1055 res
1042 1002 1106 1055 et
1123 992 1382 1055 consulis
1403 993 1604 1074 capita
1628 993 1845 1054 civium
1870 991 2101 1052 licitan-
2160 994 2289 1042 Plin.

203 1093 306 1165 tis,
337 1101 402 1153 et
439 1091 812 1173 Septimuleii
837 1089 1026 1153 multa
1049 1090 1426 1170 sugillatione
1453 1110 1570 1151 non
1595 1090 1809 1161 caruit,
1842 1089 1945 1169 qui
1970 1106 2105 1148 cum
2129 1072 2333 1173 {21¹³
2348 1060 2399 1108 ⁸⁰

203 1192 364 1253 inter
399 1190 720 1252 familiares
759 1190 1022 1251 Gracchi
1059 1190 1284 1262 fuisset,
1327 1209 1444 1251 non
1485 1189 1663 1251 modo
1690 1208 1892 1250 casum
1932 1188 2111 1249 amici

207 1310 330 1350 non
357 1299 452 1350 est
488 1290 818 1361 miseratus,
856 1288 959 1349 sed
995 1278 1176 1349 etiam
1201 1297 1386 1368 caput
1419 1306 1528 1349 sua
1561 1306 1741 1348 manu
1779 1287 2109 1368 praecisum,

207 1395 318 1447 aut
363 1388 614 1447 obscuro
655 1386 891 1447 cuidam
935 1385 1181 1458 homini,
1235 1386 1336 1465 qui
1373 1392 1805 1466 amputaverat,
1854 1392 2111 1463 quaestus
2134 1386 2265 1437 Plut.

205 1504 392 1544 causa
415 1494 705 1564 ereptum,
727 1485 786 1544 in
821 1482 981 1543 aedes
1013 1502 1150 1543 suas
1185 1482 1464 1543 detulisse
1489 1480 1727 1551 dicitur,
1754 1481 1959 1562 ibique
1984 1500 2109 1541 cer·
2134 1449 2441 1569 vffi‘f‘fi'juffz·

211 1584 348 1642 vice
395 1582 712 1664 perforata,
754 1581 1111 1661 cerebroque
1157 1589 1417 1652 exemto,
1467 1580 1775 1661 plumbum
1814 1578 2116 1639 infudisse.

213 1678 398 1741 Certe
441 1699 578 1740 cum
617 1698 940 1759 appensum
981 1686 1162 1759 caput
1197 1676 1424 1749 fuisset,
1465 1677 1667 1758 pondo
1700 1674 2115 1758 septemdecim
2138 1682 2271 1733 Plut.

209 1796 352 1836 cum
376 1776 546 1835 besse
563 1784 588 1813 ⁸
627 1775 976 1857 pependisse
996 1782 1342 1835 annotatum
1369 1783 1478 1835 est.
1551 1780 1763 1855 Atque
1788 1774 1885 1833 hic
1910 1774 2119 1833 merito
2140 1780 2291 1833 Diod.

211 1872 500 1953 deinceps
533 1875 596 1934 in
620 1874 760 1933 odio
779 1881 844 1933 et
869 1880 1168 1935 contemtu
1193 1874 1454 1933 omnium
1473 1874 1680 1951 exegit
1703 1872 1909 1943 vitam,
1934 1872 2119 1949 etiam

217 1972 490 2052 praetoris
516 1972 600 2038 Q.
631 1970 824 2031 Mucii
849 1971 1046 2031 faceto
1071 1970 1236 2031 dicto
1260 1978 1516 2030 notatus.
1585 1968 1757 2029 Nam
1782 1969 2031 2050 petenti,
2054 1976 2124 2027 ut

207 2090 276 2129 se
317 2067 664 2151 praefectum
697 2069 760 2128 in
786 2068 1002 2129 Asiam
1027 2066 1288 2139 duceret,
1332 2075 1350 2104 ‘
1377 2066 1546 2134 Quid
1579 2067 1693 2127 tibi
1730 2066 1864 2139 vis,'
1904 2064 2120 2145 inquit,
2143 2078 2252 2129 Cic·

211 2174 230 2201 ‘
257 2166 514 2225 insane?
553 2174 721 2225 tanta
745 2164 1032 2225 malorum
1054 2172 1148 2224 est
1170 2160 1488 2223 multitudo
1513 2163 1757 2235 civium,
1784 2170 1853 2221 ut
1876 2162 1987 2221 tibi
2010 2182 2123 2240 ego

208 2260 583 2333 confirmem,
601 2263 658 2321 si·
673 2262 892 2323 Romae
911 2262 1214 2333 manseris,
1235 2270 1296 2321 te
1317 2261 1526 2341 paucis
1543 2261 1715 2321 annis
1734 2259 1813 2321 ad
1832 2258 2125 2319 maximas

213 2360 506 2439 pecunias
528 2358 1032 2421 esse‘venturum.’

301 2462 406 2517 33.
449 2456 640 2518 Hunc
667 2457 744 2518 ad
773 2457 1012 2518 modum
1055 2456 1330 2537 peremtis
1353 2454 1625 2528 ducibus,
1650 2454 1857 2517 consul
1876 2454 1936 2513 in
1962 2459 2124 2513 cete-
2180 2444 2298 2494 San.
2331 2444 2451 2508 5¹¹ss-

215 2572 318 2612 ros
343 2561 472 2613 tam
495 2555 704 2617 acerbe
730 2556 1112 2635 quaestionem
1153 2556 1284 2633 ejus
1317 2553 1576 2615 criminis
1607 2553 1900 2624 exercuit,
1928 2559 1993 2612 ut
2026 2570 2125 2610 su·
2149 2514 2329 2625 ⁶8th

215 2670 331 2731 pra
348 2653 468 2713 tria
491 2651 682 2713 millia
705 2654 1026 2723 hominum,
1053 2651 1400 2733 plerumque
1427 2651 1656 2713 indicta
1678 2670 1883 2721 causa,
1910 2650 1969 2708 in
1994 2666 2128 2707 car-
2150 2639 2365 2703 Appia.

215 2768 356 2809 oete
383 2750 743 2811 triumvirali
781 2749 1079 2832 supplicio
1111 2758 1326 2811 necata
1358 2748 1707 2822 referantur,
1735 2748 1908 2809 bonis
1932 2745 2129 2827 publi·
2152 2704 2285 2755 Pm‘

215 2846 399 2919 catis,
443 2848 788 2929 corporibus
835 2847 896 2907 in
939 2846 1326 2929 profluentem
1376 2846 1647 2925 abjectis.
1732 2844 1997 2906 Gracchi
2038 2852 2131 2903 ta·

219 2964 362 3004 men
389 2952 654 3017 truncus,
677 2944 1076 3007 misericordia
1091 2944 1483 3024 quorundam,
1509 2964 1586 3005 an
1609 2963 1715 3024 spe
1735 2943 2129 3023 praemiorum,

222 3061 337 3105 nec
363 3044 528 3102 enim
567 3042 864 3103 memoriae
907 3042 1206 3123 proditum
1231 3050 1342 3113 est,
1369 3049 1673 3101 extractus
1697 3040 1889 3121 aquis,
1916 3048 1979 3101 et
2004 3038 2131 3099 Mi·
2152 3054 2283 3105 vell.
2298 3054 2443 3105 Omn.

219 3159 434 3199 senum
459 3138 538 3199 ad
565 3149 811 3199 matrem
834 3139 1178 3199 Corneliam
1200 3138 1566 3220 deportatus.

306 3243 412 3297 34.
459 3236 718 3297 Flaccus
761 3236 1128 3308 adolescens,
1171 3235 1332 3316 quod
1369 3244 1619 3316 accepto
1652 3234 1857 3295 mortis
1889 3230 2135 3293 arbitrio
2156 3218 2367 3332 gPPffi·

227 3354 344 3393 non
383 3343 667 3406 uteretur,
693 3334 753 3393 in
787 3334 994 3394 robore
1027 3342 1270 3394 necatus
1299 3342 1408 3393 est.
1494 3330 1667 3393 Huic
1690 3332 1894 3400 etiam,
1930 3345 2135 3408 quem-
2158 3300 2369 3400 vffifsn,
2387 3350 2439 3397 ⁷.

229 3430 555 3491 admodum
581 3431 656 3491 C.
687 3430 988 3503 Graccho,
1009 3430 1160 3492 fides
1183 3432 1530 3501 amicorum,
1555 3449 1693 3492 cum
1718 3427 1971 3489 salutem
1997 3424 2139 3483 dare

229 3548 348 3587 non
379 3538 602 3609 posset,
629 3529 972 3589 societatem
1011 3529 1218 3589 mortis
1257 3528 1544 3609 praestitit.
1630 3525 1959 3607 Haruspex
1986 3521 2139 3581 Tus-

226 3644 360 3697 cus,
381 3624 620 3687 flentem
649 3626 710 3685 in
740 3624 980 3686 vincula
1005 3625 1248 3707 publica
1271 3626 1412 3687 duci
1437 3624 1668 3694 videns,
1696 3632 1715 3659 ‘
1742 3623 1911 3690 Quin
1938 3630 2003 3681 tu
2028 3621 2144 3681 hoc

231 3723 476 3803 potius:
503 3724 714 3803 iuquit,
739 3732 758 3759 ‘
780 3722 965 3783 facist
989 3724 1006 3751 '
1045 3732 1108 3783 et
1141 3743 1278 3783 cum
1303 3722 1466 3784 dicto
1501 3729 1685 3803 caput
1718 3719 1887 3780 illisit
1920 3718 1980 3777 in
2008 3738 2143 3799 pos-

229 3819 682 3901 tem‘lapideum
697 3822 904 3899 januae
928 3821 1199 3894 carceris,
1229 3818 1532 3901 effusoque
1559 3819 1825 3888 cerebro,
1856 3812 2145 3875 exanimis
2198 3804 2205 3813 ’

225 3918 476 3977 corruit.
529 3917 828 3978 Memoria
852 3937 1088 3998 quoque
1113 3918 1438 3979 occisorum
1461 3916 1769 3987 damnata,
1796 3912 1993 3975 viduis
2016 3910 2144 3969 luc·
2164 3916 2299 3966 Plut.

231 4022 300 4073 tu
327 4014 739 4074 interdictum:
785 4014 1016 4075 Licnna
1042 4016 1178 4075 Can
1203 4014 1344 4075 dote
1365 4016 1600 4093 insuper
1621 4010 1875 4093 spoliata
1898 4017 1989 4070 est
2010 4028 2025 4068 ι
2050 4006 2145 4067 Μ.

241 4109 446 4172 Fulvii
472 4112 672 4173 diruta
696 4111 906 4173 domus
933 4122 950 4147 ‘
977 4132 1120 4173 area
1147 4092 1472 4183 Flacciana
1492 4111 1510 4140 '
1551 4108 1911 4191 appellatur.
1956 4126 1964 4135 ’
2168 4078 2469 4205 Dcoffigfrfg·'

323 4215 430 4271 35.
474 4209 690 4271 Omnis
727 4210 846 4270 ista
881 4212 1188 4283 severitas,
1231 4230 1368 4286 cum
1409 4228 1448 4269 a
1493 4209 1725 4289 privato
1764 4204 1953 4286 magis
1986 4202 2149 4273 odic,
2171 4208 2319 4325 2⁸⁸¹:
2334 4204 2468 4255 Mu·

304 4402 330 4431 ⁸
355 4392 518 4443 Pontio
533 4390 860 4455 septendecim
874 4408 981 4441 eum
1002 4390 1158 4457 bene]
1239 4390 1547 4446 tuordecim.
1585 4390 1731 4443 Creu.

239 4460 420 4513 Libris
441 4456 762 4509 nostratibus
795 4458 1008 4510 circiter
1031 4472 1158 4525 qua-
