3225 5242
735 3385 907 3444 zonat.

738 3487 914 3555 Polyb.

1074 866 1307 928 nie-ses
1339 867 1628 948 inperata
1655 868 1998 930 obedienter
2028 869 2314 942 secuntus,
2351 869 2529 934 modo
2553 871 2686 932 urbi
2705 891 2982 954 μυωπι-

1076 963 1215 1025 tur.’
1294 961 1567 1024 Cumad
1610 965 1740 1028 lime
1761 963 2118 1046 Numida‘
2139 965 2980 1049 puerilemeuepeu'tiouem,

1074 1058 1355 1140 quodque
1382 1060 1557 1120 rebus
1582 1061 1824 1141 integris
1847 1071 1911 1124 et
1931 1063 2270 1124 sedentibus
2309 1061 2510 1124 Utica
2546 1063 2884 1128 Romanis
2865 1085 2979 1126 un-

1030 1199 1037 1206 .
1072 1155 1289 1265 petr-ari
1314 1175 1433 1216 non
1458 1164 1756 1236 potuerat,
1801 1177 1958 1220 nunc
1989 1167 2150 1220 terra
2185 1159 2454 1241 marique
2493 1160 2980 1234 cmv-naus,

1070 1253 1231 1313 omni
1270 1251 1455 1314 ferme
1492 1273 1597 1335 spe
1633 1253 1846 1315 salutis
1889 1255 2126 1326 amissa,
2171 1253 2384 1316 stustra
2419 1256 2678 1336 sperari'
2715 1256 2981 1318 diceret.

1072 1347 1449 1420 Hasdrubal,
1510 1357 1615 1410 ‘et
1655 1349 1947 1412 sociorum
1989 1351 2204 1432 opibus
2249 1349 2585 1412 confidere'
2647 1352 2978 1434 respondit,

1068 1444 1363 1521 (nondum
1393 1443 1553 1505 enim
1585 1465 1722 1527 quae
1763 1445 1844 1506 ad
1876 1445 2188 1528 Nepherin
2223 1456 2395 1508 erant
2419 1455 2588 1526 gesta
2611 1447 2980 1528 audiverim)

1070 1549 1089 1577 ‘
1108 1561 1300 1622 neque
1322 1541 1401 1602 de
1436 1543 1581 1602 urbe
1614 1542 1962 1624 desperare:
2003 1563 2292 1612 summam
2327 1553 2528 1606 autem
2551 1545 2770 1606 babere
2805 1563 2980 1625 spem

1068 1639 1129 1698 in
1146 1636 1409 1700 Deorum
1426 1639 1846 1702 inmortalium
1857 1640 2228 1702 commilitio.
2265 1638 2416 1703 Non
2431 1641 2590 1702 enim
2607 1640 2984 1721 neglecturos

1066 1735 1345 1814 iujuriam
1370 1755 1475 1816 per
1500 1733 1736 1796 foederis
1757 1735 2190 1798 simulationem
2225 1735 2643 1818 deceptorum:
2685 1737 2792 1798 sed
2819 1737 2980 1797 mul-

1064 1819 1347 1940 tipliciter
1380 1831 1763 1913 expedituros
1792 1832 2001 1893 salutis
2023 1833 2206 1897 viam
2289 1833 2701 1914 Quapropter'
2715 1833 2983 1913 jubebat

1066 1927 1260 1988 ‘orari
1282 1926 1605 1999 conmlem,
1623 1936 1694 1989 ut
1715 1938 1778 1988 et
1798 1927 2062 1990 Deorum
2071 1937 2256 2000 metu,
2271 1928 2596 1990 etformnae
2619 1929 2978 2000 reverentia,

1065 2023 1317 2087 infelicis
1356 2024 1515 2084 urbis
1540 2025 1949 2086 misereretur.
2015 2025 2306 2106 sciretque
2335 2021 2884 2104 Carthaginienses,
2913 2025 2978 2086 ni

1064 2120 1365 2201 postulata
1402 2121 1831 2201 impetrassent,
1874 2129 2144 2182 extrema
2181 2122 2380 2201 potius
2413 2123 2638 2192 omnia,
2662 2141 2846 2202 quam
2870 2120 2981 2182 de·

1062 2213 1353 2277 ditionem
1376 2217 1717 2277 subituros-³
1801 2215 1928 2278 His
1951 2217 2109 2277 ultro
2143 2217 2412 2297 citroque
2435 2218 2706 2297 jactatis,
2731 2217 2979 2278 condio-

1062 2320 1247 2392 toque
1270 2321 1340 2373 ut
1362 2321 1501 2374 ante
1520 2312 1680 2374 diem
1706 2314 1946 2374 tertium
1971 2311 2180 2374 eodem
2207 2314 2268 2374 in
2302 2312 2440 2375 loco
2477 2313 2978 2395 colloquerentur,

1060 2407 1471 2471 discesserunt.

1144 2512 1247 2568 26.
1289 2506 1453 2582 Hgaec
1488 2506 1591 2566 ubi
1629 2504 1900 2586 Scipioni
1933 2513 2073 2566 sunt
2105 2506 2186 2574 ‚ab
2209 2525 2348 2586 rege
2379 2507 2736 2578 renuntiata,
2765 2505 2869 2578 ille
2895 2506 2978 2566 ri-

1062 2601 1235 2673 dens,
1279 2613 1298 2640 ‘
1320 2602 1483 2664 Haec
1506 2604 1686 2682 igitur
1709 2622 1845 2663 cum
1867 2623 2024 2662 emes
2041 2603 2485 2683 postulaturus,'
2509 2603 2722 2683 inquit,
2763 2611 2782 2639 ‘
2805 2602 2978 2664 Has-

1062 2699 1302 2773 drubal,
1342 2708 1467 2760 tam
1508 2700 1756 2781 impium
1797 2707 1864 2760 et
1903 2699 2286 2760 inhumanum
2329 2699 2560 2761 facinus
2603 2702 2666 2760 in
2703 2701 2978 2782 captivos

1062 2806 1290 2858 nostros
1311 2796 1669 2876 designasti?
1694 2794 1882 2858 Nunc
1895 2797 2128 2858 scilicet
2144 2797 2204 2857 in
2233 2796 2374 2858 Diis
2397 2795 2677 2858 habenda
2699 2799 2812 2858 tibi
2839 2814 2976 2878 spes

1062 2903 1174 2965 est,
1216 2904 1533 2976 postquam
1564 2893 1768 2956 omnia
1803 2902 1868 2954 et
1897 2893 2102 2956 diviua
2131 2903 2195 2955 et
2235 2895 2504 2966 humana,
2524 2897 2672 2975 jura
2694 2893 2978 2956 violasti?

1066 2990 1435 3072 subjiciente
1460 3001 1660 3053 tamen
1685 2989 1950 3052 Gulussa
1975 2999 1994 3028 ⁶
2015 2990 2368 3052 studendum
2381 3012 2510 3052 esse
2529 2990 2756 3052 consuli
2781 2998 2852 3050 ut
2871 3009 2975 3050 ce·

1064 3087 1245 3150 lerem
1269 3089 1447 3150 rebus
1464 3087 1644 3150 finem
1669 3089 2015 3171 imponeret,
2041 3090 2380 3170 priusquam
2405 3089 2510 3150 alii
2533 3089 2884 3158 exercitum,
2911 3093 2978 3146 et

1060 3207 1199 3248 cum
1242 3207 1316 3248 eo
1364 3206 1603 3247 suorum
1635 3184 1906 3248 laborum
1951 3205 2312 3266 operumque
2361 3185 2619 3247 fructum
2667 3193 2976 3264 cogeretur

1062 3283 1293 3344 tradere
1313 3285 1369 3354 ς’
1398 3285 1581 3362 jussit
1606 3293 1624 3320 ⁸
1653 3283 2029 3344 Hasdrubali
2047 3283 2389 3353 renuntiari,
2417 3303 2481 3344 se
2505 3281 2974 3344 incolumitatem

1058 3380 1197 3462 ipsi,
1220 3390 1286 3441 et
1308 3381 1503 3452 uxori,
1528 3389 1593 3442 et
1616 3381 1840 3452 liberis,
1863 3389 1929 3441 et
1952 3383 2410 3463 propinquorum
2452 3381 2850 3442 amicorumve
2875 3377 2972 3436 fa-

1058 3478 1240 3540 miliis
1262 3478 1493 3550 decem,
1518 3477 1687 3551 dare,
1711 3499 1850 3540 cum
1872 3477 2115 3539 talentis
2131 3478 2385 3549 decem,‘
2401 3487 2466 3538 et
2477 3479 2657 3538 servis
2671 3495 2801 3547 sex,
2821 3495 2978 3554 quos

1058 3576 1421 3657 optavisset!
1504 3574 1680 3638 Stato
1699 3584 1962 3656 tempore
1987 3577 2131 3636 item
2157 3575 2440 3656 processit
2463 3574 2690 3635 Poenus
2711 3591 2852 3634 cum
2875 3591 2974 3630 so-

1030 3719 1045 3732 ,
1060 3671 1169 3734 lito
1192 3672 1349 3734 fastu
1376 3693 1648 3754 purpura
1671 3681 1734 3734 et
1759 3691 2073 3744 armorum,
2097 3671 2266 3733 cultu
2291 3672 2660 3752 incessuque,
2681 3679 2748 3731 ut
2765 3679 2972 3750 tyran·

1060 3791 1169 3831 nos
1217 3772 1323 3852 qui
1376 3771 1435 3830 in
1486 3789 1726 3831 scenam
1761 3769 2166 3850 producuntur
2197 3769 2432 3850 ineptiis
2471 3768 2642 3848 longe
2687 3768 2970 3828 vinceret.

1062 3865 1233 3929 Nam
1250 3877 1464 3928 natura
1486 3861 1868 3949 corpulentus
1889 3875 2041 3937 erat,
2067 3875 2130 3926 et
2149 3875 2278 3927 tum
2301 3868 2482 3926 etiam
2503 3867 2714 3946 sagina
2735 3861 2970 3944 aquali-

1056 3966 1261 4028 culum
1284 3973 1571 4027 auxerat:
1610 3965 1808 4027 colore
1851 3972 2067 4046 praeter
2089 3963 2326 4024 solitum
2350 3963 2596 4024 edunto:
2637 3964 2728 4023 ita
2764 3969 2833 4021 ut
2856 3981 2972 4043 po·

1058 4065 1177 4124 tius
1220 4064 1389 4125 bovis
1436 4061 1680 4124 referret
1725 4063 1984 4144 speciem
2017 4047 2096 4122 ⁴iu
2143 4071 2406 4123 mereatu
2447 4061 2651 4143 aliquo
2689 4057 2969 4140 saginati,

1058 4253 1115 4296 et
1137 4261 1223 4311 qm
1172 4245 1346 4295 uidem
1370 4243 1513 4294 fideli
1516 4257 1575 4293 us
1592 4240 1708 4294 usa·
1739 4245 1814 4294 iu
1831 4250 1970 4302 emet,
2116 4242 2138 4278 ί
2165 4243 2287 4300 Can
2319 4244 2519 4295 edentis
2549 4241 2734 4306 dm]
2769 4241 2890 4292 mar

1054 4325 1294 4374 mquam
1327 4318 1375 4359 re
1348 4324 1460 4358 ιιιι
1490 4309 1654 4358 ιιι-ὸειιι
1685 4309 1976 4373 inclusisset,
2049 4309 2254 4373 urgenmi
2283 4307 2606 4359 nostratibus
2643 4311 2762 4358 ⁹⁸¹1.
2795 4255 2970 4357 unciis

1056 4375 1778 4492 suffiggmmmnemut
1797 4375 1971 4439 inpul-
2045 4376 2274 4424 &Chen
