3225 5242
663 550 873 599 mum
924 546 1211 599 nxvm.
1254 511 1913 598 svprnnunwruuss
2249 528 2426 597 4343

178 692 327 753 dam
368 690 585 752 Matris
628 682 875 771 Magne
917 688 1337 749 Pessinuntius
1378 687 1655 749 sacerdos
1691 686 1955 749 Romam
1993 704 2097 747 ve·
2159 682 2310 733 Diod.
2323 685 2430 738 Ecl.

180 791 351 853 niens
382 808 463 849 ex
488 788 676 869 adyto
709 786 964 849 numinis
998 806 1207 848 vocem
1246 786 1482 847 missam
1524 788 1753 865 senatui
1787 784 2096 868 exposuit:
2123 763 2319 863 ἔῗηῖι·

178 895 199 922 ⁸
231 886 528 967 pollutum
574 884 726 945 Deae
766 880 972 964 fanum
1015 902 1165 955 eme,
1210 882 1622 963 Romanaeque
1665 884 1826 943 urbis
1865 880 2099 943 nomine
2123 876 2277 929 Diod.

178 982 423 1063 publice
444 981 783 1043 adhibenda
806 978 1065 1062 piacula.
1130 978 1699 1061 obtemperantibus
1721 979 1925 1041 felicia
1948 988 2098 1039 tem·

178 1098 355 1160 pora,
380 1087 443 1140 et
466 1079 730 1158 ingentes
754 1076 919 1138 bello
935 1076 1215 1137 victorias
1238 1074 1407 1137 fore!

269 1183 373 1237 10.
416 1174 695 1248 Senatus,
731 1173 893 1255 quod
926 1172 989 1233 id
1024 1172 1525 1234 sanctissimarum
1556 1182 1620 1234 et
1657 1174 2096 1255 antiquissima·
2157 1172 2362 1255 eiapm

176 1292 311 1333 rum
338 1272 691 1353 religionum
723 1271 931 1333 fanum
967 1271 1319 1342 habebatur,
1352 1270 1577 1331 bomini
1604 1280 1889 1351 tanquam
1931 1270 2096 1334 Deo·
2121 1237 2313 1352 8ῗῇξέ
2329 1244 2415 1290 26.

176 1386 314 1431 rum
336 1370 539 1450 legato
565 1370 760 1431 lautia
780 1378 844 1429 et
866 1368 1069 1430 locum
1108 1366 1353 1429 comiter
1374 1366 1662 1440 decrevit,
1689 1369 2096 1451 templumque
2121 1366 2256 1419 Plut.

174 1460 385 1531 voveri
405 1467 557 1529 Deae
573 1466 774 1547 jussit.
859 1465 1022 1527 Haec
1048 1466 1500 1526 annuntiaturus
1524 1466 1748 1547 populo
1767 1458 2100 1533 Batabates

176 1584 322 1625 cum
354 1563 581 1625 Rostra
614 1562 1071 1635 conscendisset,
1112 1563 1215 1623 ubi
1249 1562 1460 1624 concio
1496 1563 1555 1623 ei
1593 1564 1674 1623 ab
1699 1562 1828 1625 alio
1859 1567 2100 1628 tribuno

174 1661 333 1723 data
354 1670 519 1733 erat;
565 1661 652 1722 A.
693 1660 1022 1741 Pompeius
1056 1668 1330 1741 agyrtam
1364 1659 1754 1741 appellando,
1789 1663 1971 1723 verba
2003 1664 2097 1724 fa-

176 1778 342 1835 cere,
388 1778 787 1839 coronamque
834 1777 1071 1819 auream
1108 1766 1337 1838 gestare
1380 1758 1595 1819 vetuit.
1677 1758 1838 1819 Cum
1879 1780 2098 1822 corona
2154 1760 2304 1811 Diod.

176 1858 343 1918 enim
371 1856 665 1917 inusitata!
692 1854 1139 1934 magnitudinis,
1167 1864 1231 1915 et
1253 1862 1416 1917 veste
1456 1856 1622 1937 picta
1645 1856 1952 1937 aureisque
1979 1857 2099 1919 filis

176 1955 533 2026 intertexta,
552 1960 935 2035 processerat.
1094 1958 1101 1971 ’
1268 1942 1273 1949 ’

264 2058 369 2112 11.
412 2050 535 2111 Sed
564 2049 669 2111 ille
706 2049 946 2130 quidem
973 2057 992 2086 ‘
1016 2068 1133 2110 non
1170 2068 1340 2109 suam
1380 2050 1595 2128 magis,
1632 2070 1814 2130 quam
1849 2050 2096 2129 Magnae

180 2146 407 2213 Matris
432 2150 711 2227 injuriam
734 2168 861 2207 esse
878 2147 898 2176 ’
922 2148 1255 2227 increpans,
1282 2145 1527 2229 publico
1552 2147 1878 2207 abstinuit:
1904 2146 2094 2207 Pom-

172 2244 407 2324 peium,
437 2246 539 2305 ubi
578 2244 815 2305 dimissa
846 2245 1129 2305 concione
1164 2242 1404 2319 domum
1439 2245 1545 2305 vix
1584 2252 1956 2326 pervenerat,
2002 2234 2096 2304 ar-

174 2338 332 2401 dens
370 2340 551 2401 febris
588 2350 757 2403 tanta
790 2342 1019 2403 saevitia
1056 2341 1357 2421 corripuit,
1398 2349 1467 2401 ut
1510 2342 1726 2403 amissa
1758 2362 1908 2404 voce
1941 2342 2100 2401 intra

176 2438 444 2499 triduum
464 2442 491 2469 ⁸
526 2440 847 2521 expiraret.
934 2437 1061 2499 Iste
1085 2458 1259 2499 casus
1282 2439 1578 2499 horrorem
1598 2440 1660 2499 in
1679 2440 1940 2500 omnium
1969 2438 2095 2498 ani·

172 2556 307 2596 mos
330 2537 570 2618 sparsit,
614 2536 996 2616 redditusque
1032 2536 1324 2597 Batabati
1348 2535 1557 2597 solitus
1580 2545 1844 2597 ornatus.
1927 2535 2094 2618 Ipse,

170 2650 318 2693 cum
344 2633 549 2695 multis
576 2633 917 2693 muneribus
954 2641 1161 2694 auctus
1192 2631 1680 2714 proficisceretur,
1723 2634 1948 2713 ingenti
1975 2654 2093 2695 non

170 2728 439 2791 virorum
464 2730 664 2802 modo,
690 2728 795 2790 sed
820 2729 1005 2790 etiam
1030 2728 1340 2789 mulierum
1366 2730 1601 2809 agmine
1628 2730 1919 2809 deductus
1940 2740 2051 2792 est.

260 2830 365 2885 12.
408 2826 693 2897 Ceterum
728 2826 959 2887 Cimbri
984 2826 1247 2907 sociique
1268 2828 1483 2913 castris
1507 2825 1918 2887 Romanorum
1949 2826 2092 2889 ade·
2113 2841 2257 2894 Oros.

171 2922 501 3001 quitantes,
530 2944 651 3003 quo
674 2921 815 2983 illos
840 2921 917 2982 ad
942 2942 1202 3003 pugnam
1242 2922 1544 2995 elicerent,
1578 2944 1770 3004 neque
1806 2924 1982 2985 factis
2003 2923 2090 2985 se-

170 3018 415 3079 rocibus
434 3019 595 3092 ullis,
622 3040 815 3101 neque
839 3018 1034 3079 verbis
1058 3020 1453 3079 abstinebant.
1498 3018 1706 3101 Ipsum
1725 3039 1962 3101 quoque
1981 3022 2088 3080 irn-
2146 3030 2310 3080 Front-

174 3122 512 3195 peratooem
545 3116 791 3196 quidam
834 3114 1264 3186 Teutonorum,
1292 3116 1471 3175 armis
1492 3124 1555 3175 et
1578 3116 1842 3197 corporis
1878 3116 2088 3177 habitu
2113 3094 2258 3149 *Μ’
2277 3112 2352 3147 Π·
2368 3100 2418 3147 ⁷·

168 3214 553 3294 conspicuus,
580 3211 936 3294 singularem
963 3211 1042 3272 ad
1076 3230 1335 3293 pugnam
1370 3213 1756 3293 provocabat.
1842 3212 1922 3273 Ei
1936 3218 1955 3247 ¹
1995 3234 2088 3275 re·

150 3310 422 3391 spondit
445 3310 697 3383 Marius,
726 3320 745 3346 ‘
758 3310 1054 3389 siquidem
1075 3308 1352 3370 finiendas
1372 3310 1521 3419 vitaz
1530 3310 1782 3391 cupidus
1799 3318 1973 3383 esset,
2001 3313 2088 3371 uti

169 3428 239 3467 se
266 3407 691 3489 suspenderet:
720 3408 740 3437 '
780 3404 998 3466 deinde
1022 3414 1255 3465 ostenso
1282 3426 1479 3487 parvae
1504 3414 1744 3467 staturae
1769 3415 1835 3467 et
1856 3414 2112 3467 exactae-

170 3505 608 3587 propemodum
646 3504 839 3565 aetatis
868 3503 1220 3584 gladiatore,
1264 3512 1282 3539 ⁶
1306 3505 1465 3564 hunc
1504 3504 1560 3563 ei
1584 3524 1649 3563 se
1673 3523 1876 3585 parem
1903 3504 2090 3578 dare:

169 3622 282 3682 per
328 3602 653 3662 ludibrium
688 3601 893 3670 dixitz
938 3610 957 3639 ‘
980 3599 1151 3661 illum
1196 3602 1245 3661 si
1284 3610 1640 3684 superasset,
1680 3621 1818 3663 cum
1861 3604 2088 3663 victore

166 3700 475 3761 honestius
497 3698 953 3761 dimicaturum.’
1034 3696 1328 3759 Nondum
1347 3719 1421 3760 ea
1437 3698 1672 3760 insania
1693 3708 1937 3779 ceperat
1959 3700 2087 3760 ani-

168 3790 327 3869 inos,
354 3806 423 3857 ut
454 3797 935 3879 provocationem
956 3795 1135 3856 etiam
1159 3797 1581 3857 commilitonis
1612 3798 1921 3877 sprevisse,
1948 3816 2086 3876 pro-

167 3896 325 3967 bro;
368 3905 577 3958 contra
600 3895 785 3957 decus
822 3894 1053 3955 militias
1076 3904 1139 3955 et
1164 3894 1485 3957 utilitatem
1520 3894 1826 3976 publicam
1851 3892 2084 3974 gladia·

568 4064 593 4112 1
630 4062 703 4115 At
722 4062 865 4115 cler.
936 4062 1009 4115 Et
1031 4062 1248 4129 reliqum
1271 4061 1395 4114 cdd.
1415 4068 1540 4113 ante
1564 4060 1723 4115 Crev.

234 4288 263 4315 ⁸
297 4280 441 4331 Intra
474 4280 711 4346 ενίἀιυιιι]
751 4281 839 4333 Sic
874 4281 1087 4347 quidem
1167 4282 1302 4333 dicit
1324 4280 1626 4345 Pompeium
1649 4280 1784 4332 intra
1805 4278 2082 4347 septimum

164 4345 459 4407 Diodorus,
501 4346 593 4413 qui
630 4350 787 4397 ctiam
823 4346 959 4399 fabri
997 4348 1089 4398 ad·
1168 4347 1309 4401 diem
1329 4348 1541 4401 obiisse.
1576 4347 1722 4400 Crev-

56 4482 63 4489 ·
152 4411 342 4477 jungit
356 4412 615 4477 anginam.
652 4413 759 4465 Sed
776 4412 1089 4466 Plutarchus
