3225 5242
777 556 990 604 mam
1043 554 1238 605 axx.
1283 553 1937 605 sumbernun-run.
2300 530 2480 603 44⁰7

232 717 386 759 sane
409 704 594 761 totam
619 695 1096 759 dissimilitudine
1130 716 1358 759 morum
1393 707 1460 759 et
1497 690 1907 779 frequentibus
1937 696 2155 777 jurgiis

229 784 774 857 discordem‘fnisse
797 803 1066 855 constat:
1109 813 1248 855 cum
1282 796 1693 855 austeritatem
1718 803 1901 883 atque
1938 802 2151 855 contu·

233 893 498 955 muciam
552 890 822 953 Domitio
877 889 1152 963 Crassus,
1209 900 1568 953 summosam
1622 890 1865 953 domum
1914 900 1983 953 et
2030 890 2157 953 alia

235 987 414 1049 luxui
451 990 730 1073 propiora
757 986 974 1049 Crasso
1015 986 1318 1049 Domitius
1343 990 1693 1067 objectaret.
1782 988 1941 1051 Sane
1964 986 2157 1049 multa

233 1096 446 1167 egerat
469 1084 740 1157 Crassus,
768 1105 904 1165 quae
921 1105 1124 1148 severe
1145 1082 1472 1165 judicanti,
1497 1106 1799 1147 censorem
1824 1084 1985 1146 haud
2009 1085 2156 1145 satis

231 1182 452 1245 decere
485 1182 846 1243 viderentur.
931 1181 1106 1245 Duos
1143 1184 1400 1264 scyphos
1437 1204 1518 1243 ex
1563 1192 1811 1263 argento
1861 1182 2155 1245 Mentoris

233 1300 420 1341 manu
444 1279 692 1341 caelatos
711 1279 997 1341 sestertiis
1020 1286 1322 1351 centnm,·
1340 1280 1456 1341 hoc
1473 1289 1586 1351 est,
1613 1280 1803 1341 tribus
1820 1278 1945 1341 fere
1968 1279 2151 1340 milli·
2210 1280 2339 1333 Plin-

235 1376 354 1438 bus
385 1374 800 1459 imperialium,
835 1383 1064 1443 emtos;
1107 1374 1312 1437 itidem
1349 1386 1659 1457 argentum
1692 1378 1917 1439 facmm
1940 1385 2153 1437 sester-
2178 1358 2383 1398 ¹¹¹¹¹¹⁸
2402 1350 2483 1398 η’

233 1475 392 1535 tium
423 1493 532 1535 sex
567 1472 828 1534 millibus
864 1471 926 1533 in
973 1471 1178 1545 libras,
1213 1472 1338 1534 sive
1373 1474 1781 1555 imperialibus
1802 1474 1941 1556 plus
1962 1475 2158 1537 minus

234 1580 478 1633 centum
503 1571 962 1652 quinquaginta,
989 1578 1212 1643 emtum
1235 1573 1288 1605 ¹0
1313 1572 1598 1633 habebat.

321 1674 426 1731 42.
469 1666 594 1729 Sed
633 1668 932 1749 praecipue
966 1667 1348 1747 magnificam
1383 1670 1444 1729 in
1482 1669 1735 1731 Palatio
1771 1669 2013 1731 domum
2046 1670 2152 1731 ad·
2198 1661 2479 1713 Fun-¹⁷¹¹·

235 1766 536 1827 versarius
583 1766 862 1836 taxabat,
908 1767 1280 1846 graviterque
1327 1768 1638 1849 increpans
1681 1768 1835 1829 tanti
1886 1769 2155 1833 habitare
2182 1731 2233 1778 ι’

233 1882 562 1934 censorem,
589 1883 698 1944 pro
725 1862 834 1923 illa
858 1864 1188 1926 sestertium
1225 1864 1498 1943 sexagies
1513 1872 1540 1899 ¹¹
1577 1864 1689 1941 (ad
1718 1875 1961 1927 centum
1986 1876 2152 1927 octo-

237 1962 408 2041 ginta
431 1960 624 2023 millia
649 1960 1074 2042 imperialium)
1113 1960 1440 2023 identidem
1465 1961 1775 2023 offerebat.
1861 1962 1949 2023 Et
1972 1962 2155 2025 Cras·

235 2080 360 2131 sus,
385 2068 454 2119 ut
477 2067 606 2120 erat
645 2078 904 2141 praesens
936 2059 1174 2139 ingenio
1204 2079 1458 2140 semper,
1497 2068 1558 2119 et
1597 2058 1798 2120 faceto
1833 2058 2033 2141 lepore
2058 2081 2155 2121 so·

237 2156 376 2230 len,
425 2167 444 2193 ⁸
465 2156 740 2219 addicere
781 2178 846 2217 se
864 2157 881 2184 ’
919 2156 1242 2243 respondit,
1292 2165 1310 2193 ‘
1329 2158 1598 2238 exceptis
1634 2177 1744 2218 sex
1788 2157 2099 2218 arboribus
2116 2156 2155 2217 ε’

235 2274 328 2315 eae
377 2252 546 2317 fuere
587 2254 719 2326 loti,
754 2256 966 2335 patula
1011 2262 1330 2317 ramorum·
1347 2256 1651 2336 opacitate
1698 2255 1975 2333 insignes.
2055 2253 2157 2315 Ibi

239 2350 538 2422 Domitio,
567 2360 585 2388 ‘
605 2372 680 2413 ne
707 2373 826 2412 nno
849 2351 1092 2431 quidem
1117 2351 1382 2423 denario,
1409 2353 1460 2411 si
1492 2352 1588 2411 hoe
1613 2351 2003 2420 demerentur,
2031 2371 2156 2412 em·-

235 2456 361 2509 tam
385 2448 627 2511 domum
655 2450 932 2531 cupiente
949 2450 992 2520 ς’
1035 2448 1309 2522 Crassus,
1333 2458 1350 2485 ‘
1376 2448 1671 2509 Utrumne
1696 2449 1919 2528 igitur,'
1942 2449 2155 2530 inquit,
2212 2454 2324 2505 val.
2344 2453 2479 2504 Max.

237 2556 256 2581 ‘
277 2566 392 2625 ego
433 2546 712 2629 exemplo
755 2549 972 2627 gravis,
1005 2557 1068 2607 et
1106 2548 1186 2607 ab
1228 2548 1360 2628 ipsa
1399 2566 1534 2607 mea
1571 2566 1823 2607 censura
1862 2546 2157 2608 notandus
2182 2536 2260 2571 ¹¹·
2284 2525 2333 2571 ¹·

237 2662 392 2714 sum,
419 2644 526 2723 qui
557 2644 618 2704 in
651 2642 854 2715 domo,
895 2663 1032 2725 quae
1057 2644 1204 2704 mihi
1228 2642 1574 2704 haereditate
1609 2643 1877 2714 obvenit,
1908 2643 2157 2704 comiter

235 2741 543 2817 habitem3
589 2760 665 2801 an
693 2750 786 2812 tu,
811 2742 916 2822 qui
949 2741 1220 2803 sestertio
1253 2742 1527 2819 sexagies
1549 2741 1819 2801 umbram
1846 2760 1952 2802 sex
1980 2742 2153 2801 arbo·

237 2856 370 2899 rum
389 2838 648 2899 aestimas
666 2839 710 2899 ’.Ρ
770 2838 848 2899 In
873 2838 1086 2901 eadem
1106 2838 1286 2901 domo
1311 2838 1576 2903 triclinia
1597 2847 1805 2910 aerata,
1834 2848 1899 2899 et
1916 2839 1975 2898 in
2000 2840 2155 2899 atrio
2208 2848 2340 2899 Plin.

234 2935 546 2997 columnas
569 2936 836 2997 babebat
860 2935 1174 3018 Hymettii
1200 2936 1526 3009 marmoris,
1551 2956 1803 3017 quarum
1836 2936 2047 2997 decem
2070 2934 2151 2997 ad
2177 2916 2443 3028 {2¹12}

235 3033 560 3095 ornandam
605 3034 666 3093 in
711 3033 1000 3095 aedilitate
1039 3054 1302 3105 scenam,
1337 3042 1574 3095 centum
1613 3035 1885 3095 sestertia
1919 3043 2151 3115 paenis,
2175 3060 2315 3093 κω.
2336 3012 2383 3095 1⁰.
2432 3012 2447 3029 ⁰

234 3138 498 3191 emerat:
539 3130 702 3211 ipsas
724 3151 960 3211 quoque
985 3132 1380 3213 exprobrante
1411 3129 1705 3201 Domitio,
1740 3150 1878 3191 cum
1904 3150 1979 3191 eo
2001 3138 2154 3191 tem·

237 3248 380 3310 pore
403 3247 480 3289 ne
501 3228 562 3287 in
583 3225 824 3307 publico
844 3226 1082 3307 quidem
1103 3226 1395 3288 columnae
1415 3224 1558 3287 ullae
1577 3246 1921 3287 marmoreae
1938 3234 2153 3287 essent.

237 3324 417 3385 Idem
437 3324 494 3385 ei
520 3324 690 3403 quasi
715 3323 978 3383 deforme
1003 3324 1224 3385 crimen
1251 3323 1312 3383 in
1338 3331 1545 3383 senatu
1567 3323 1815 3403 objecit,
1836 3322 1998 3403 quod
2024 3342 2151 3383 mu·
2208 3330 2426 3381 Macrob-

233 3440 460 3483 raenam
498 3420 558 3481 in
592 3420 820 3502 piscina
851 3419 1064 3481 domus
1099 3440 1225 3481 suoe
1249 3422 1568 3491 mortuam,
1595 3428 1845 3491 atratus,
1868 3430 2153 3502 tanquam
2176 3396 2279 3447 ⁸⁸²·
2296 3412 2361 3448 ¹¹·
2385 3401 2466 3449 ¹¹·

235 3516 449 3589 filiam,
477 3517 644 3579 luctu
669 3526 1014 3599 prosecutus
1037 3526 1208 3579 esset.
1276 3516 1420 3579 Nec
1445 3516 1745 3577 inficiatus
1769 3516 1875 3577 ille
1895 3525 2151 3579 tantum·

233 3616 419 3677 modo
457 3614 580 3677 alia
617 3614 1000 3693 sugillatione
1044 3614 1316 3696 pensavit
1350 3616 1671 3695 probrum:
1716 3624 1734 3651 ⁶
1754 3614 1867 3674 sibi
1908 3615 2150 3696 quidem
2208 3628 2393 3677 AEli-n.

236 3712 526 3773 humanos
562 3712 838 3783 affectus,
881 3720 944 3773 et
983 3712 1224 3773 facilem
1263 3713 1323 3771 in
1360 3712 1661 3793 lacrymas
1693 3711 2151 3775 misericordiam
2172 3691 2483 3809 ffivx‘ixnii

235 3822 408 3873 este:
451 3820 518 3871 at
543 3809 880 3873 Domitium
905 3818 1026 3871 tres
1051 3830 1268 3871 uxores
1289 3810 1464 3871 siccis
1487 3808 1681 3871 oculis
1704 3809 2029 3871 extulisse!

501 4014 565 4061 1⁰
597 4010 701 4063 Sex
721 4010 932 4063 millib-a
951 4011 1160 4061 numia
1177 4043 1194 4062 .
1218 4045 1233 4062 .
1257 4046 1272 4063 .
1291 4017 1422 4063 ma
1443 4009 1568 4061 edd.
1590 4017 1719 4061 ante
1743 4011 1896 4061 Crev-

1016 4138 1376 4161 mo

299 4244 340 4272 ¹¹
369 4234 842 4315 §cremiisfentmj
862 4236 1059 4288 Marcis
1073 4252 1156 4286 ar·
1235 4236 1401 4336 antiis
1426 4241 1474 4287 8.
1496 4238 1763 4288 semuncia
1784 4240 1842 4317 1.ν
1866 4240 2007 4289 Cres.

236 4316 340 4418 3122·
345 4312 454 4418 ⁸:⁵3¹
461 4306 897 4419 “32:222'1’222
913 4318 1154 4419 ⁶:3⁵3
1235 4301 2153 4431 „gefftf‘ssi'ssnfffflfflississi

235 4433 434 4485 Marcis
464 4434 674 4500 argenti
711 4433 1036 4487 nostratibus
1071 4436 1156 4484 2³.
1234 4434 1465 4485 &cm-
