3225 5242
783 457 980 532 Μ’
1774 481 1843 531 τ.
1894 481 2083 531 mvn

1113 625 1298 697 urbis,
1353 622 1513 686 haud
1557 623 1811 685 multum
1853 623 1933 683 ab
1972 622 2195 683 obsessi
2238 619 2477 682 {crusna
2520 619 2775 694 distans,
2831 621 3048 702 copias

1113 723 1462 784 contineret.
1544 720 1729 781 Unde
1764 720 1843 781 C.
1876 719 2151 791 Plautio,
2180 719 2283 799 qui
2310 719 2681 800 provinciam
2704 737 2841 779 eam
2870 719 3049 778 sorti-

1115 826 1212 880 tus
1252 817 1466 890 fuerat,
1508 819 1701 896 major
1740 816 2057 891 exercitus,
2102 817 2296 878 millia
2318 815 2587 898 peditum
2608 815 2848 890 decem,
2876 815 3051 876 mille

1117 915 1366 976 trecenti
1389 915 1621 996 equites
1642 914 1792 974 dati.
2336 919 2341 922 '

787 1020 931 1072 Oros.
953 1035 1004 1070 v.
1019 1026 1073 1075 4.
1199 1017 1300 1072 82.
1345 1010 1518 1072 Huic
1549 1011 1731 1070 etiam
1760 1009 1970 1071 infelix
1996 1019 2058 1070 et
2082 1008 2285 1070 multis
2312 1009 2537 1092 praeliis
2570 1008 2822 1072 adversa
2858 1029 3055 1091 expe·

788 1117 1005 1186 Appias.
1113 1107 1270 1169 ditio
1309 1107 1443 1168 fuit.
1528 1107 1685 1168 Oum
1728 1107 1887 1166 euim
1926 1105 2005 1166 ad
2050 1127 2189 1167 suas
2212 1115 2371 1166 artes
2392 1105 2704 1167 Viriathus
2726 1127 2859 1167 sese
2888 1117 3051 1167 retu-

1117 1202 1304 1276 lisset,
1345 1223 1428 1264 ex
1471 1202 1863 1284 Carpetania,
1910 1223 2091 1284 quam
2136 1211 2272 1284 post
2294 1201 2514 1264 Vetilii
2532 1203 2774 1264 cladem
2798 1203 3049 1286 impune

1116 1308 1476 1371 vastaverat,
1517 1298 1687 1360 velut
1711 1308 1931 1359 terrore
1955 1299 2324 1360 advenientis
2346 1320 2487 1361 cum
2518 1309 2771 1382 praetore
2808 1300 3050 1360 exerci-

1115 1403 1234 1468 tu‘s,
1275 1396 1532 1458 discessu
1581 1395 1781 1465 facto:
1828 1395 2111 1457 Plautius
2136 1395 2215 1458 ad
2240 1396 2667 1478 insequendum
2693 1397 2868 1456 illum
2889 1417 3049 1478 qua-

1117 1503 1250 1552 tuor
1267 1493 1520 1554 militum
1547 1492 1739 1554 millia
1761 1493 2076 1574 praemisit:
2111 1513 2261 1574 quos
2284 1513 2362 1554 ex
2388 1494 2697 1575 inopinato
2720 1513 3051 1554 conversus

1115 1588 1242 1666 ille,
1285 1593 1492 1670 paucis
1529 1591 1821 1672 exceptis,
1862 1589 2171 1650 occidione
2210 1589 2453 1651 occidit.
2537 1589 2695 1651 Inde
2718 1589 2893 1670 Tago
2928 1589 3049 1650 flu-

1114 1687 1274 1746 mine
1315 1695 1614 1769 superato,
1670 1696 1867 1747 castra
1914 1687 1975 1746 in
2022 1695 2221 1747 monte
2266 1705 2447 1768 quem
2492 1686 2753 1748 Veneris
2790 1697 3046 1757 vocant,

1115 1781 1264 1842 oleis
1301 1783 1552 1854 consito,
1595 1783 1813 1864 posuit.
1907 1781 2009 1844 Ibi
2048 1781 2379 1864 cupiditate
2424 1782 2755 1844 ulciscendi
2798 1782 3049 1844 cladem

1115 1889 1424 1959 acceptam
1463 1878 1749 1940 Plautius
1790 1899 1929 1940 cum
1970 1899 2067 1938 eo·
2088 1899 2458 1958 congressus,
2515 1878 2704 1940 nihilo
2746 1881 3051 1960 pugnavit

789 1983 901 2034 Liv.
919 1983 1053 2050 Epit.
1115 1972 1368 2047 felicius,
1411 1977 1741 2056 amissaque
1782 1995 2000 2054 magna
2038 1984 2206 2056 parte
2246 1977 2577 2057 copiarum,
2626 1974 2790 2056 quod
2830 1995 3047 2056 snper-

789 2080 1008 2149 Appian.
1115 2069 1332 2143 fuerat,
1389 2093 1495 2154 per
1537 2070 1765 2154 oppida
1802 2071 2126 2144 distribuit,
2166 2072 2383 2133 media·
2412 2081 2619 2134 aestate
2664 2073 2727 2132 in
2766 2072 3049 2153 hyberna

1115 2168 1409 2230 militibus
1429 2168 1729 2232 deductis.

1199 2271 1300 2326 3³.
1365 2265 1548 2328 Unde
1593 2264 1909 2326 Viriathus
1950 2267 2239 2328 sociorum
2288 2265 2496 2347 populi
2543 2251 2829 2326 'Romani‘
2862 2285 3048 2345 agros

1115 2362 1345 2434 obibat,
1385 2382 1462 2424 ne
1499 2371 1903 2444 corrumperet
1942 2383 2207 2434 meaeem,
2250 2363 2535 2423 tributum
2580 2363 2847 2441 exigens.
2884 2363 3047 2423 etin

1115 2460 1430 2519 renitentes
1471 2459 1699 2519 ultione
1734 2469 1965 2539 parate.
2046 2453 2204 2519 Tum
2244 2459 2425 2520 etiam
2456 2458 2922 2538 Segobrigenses
2944 2459 3047 2520 af-

791 2547 988 2661 sffl‘·
1007 2626 1026 2658 ι
1113 2552 1260 2614 flicti
1301 2556 1534 2633 gemino
1576 2554 1843 2615 viriathi
1885 2555 2047 2616 dolo.
2134 2555 2291 2616 Cum
2335 2556 2499 2616 enim
2554 2555 2753 2617 locum
2801 2555 3073 2617 insidiis·

793 2681 876 2727 1⁰.
959 2627 1002 2659 ¹¹
1033 2643 1050 2662 ⁰
1113 2658 1510 2730 opportunum
1543 2650 1707 2712 haud
1733 2651 1935 2732 procul
1961 2651 2255 2712 moeuibus
2276 2653 2665 2723 observasset,
2692 2651 3049 2714 cohortibus

1115 2744 1178 2804 in
1203 2765 1277 2807 eo
1301 2745 1623 2828 dispositis,
1664 2749 2092 2828 paucosmisit,
2116 2749 2219 2828 qui
2255 2767 2477 2830 pecora
2514 2747 3047 2828 Segobrigensium

1118 2841 1442 2922 abigerent.
1527 2843 1702 2912 Quos
1728 2843 1821 2903 illi
1847 2841 1991 2924 fuga
2014 2844 2359 2906 recedentes
2380 2865 2519 2906 cum
2538 2844 2717 2907 avide
2758 2846 3045 2927 inseque-

795 2939 893 3054 1Id.
913 2939 982 2990 ib.
999 2956 1096 3031 με.
1114 2947 1339 3012 rentur,
1366 2939 1444 2999 ud
1471 2939 1813 3000 insidiarum
1837 2941 2036 3001 locum
2058 2941 2325 3014 deducti,
2366 2943 2625 3023 caesique
2662 2952 2819 3004 sunt.
2904 2941 3045 3004 Ite-

829 3010 875 3055 ι’
1117 3055 1270 3107 rum,
1295 3055 1431 3098 cum
1465 3037 1677 3100 itinere
1716 3037 1897 3098 tridui
1936 3036 2317 3111 discessisset,
2360 3057 2557 3099 omne·
2580 3037 2757 3101 illud·
2774 3039 3045 3120 spatium

1117 3152 1236 3194 uno
1259 3133 1358 3194 die
1381 3154 1700 3206 remensus,
1740 3155 2007 3196 securam
2051 3136 2255 3195 urbem
2280 3144 2344 3196 et
2364 3134 2657 3196 sacrificio
2682 3145 2811 3196 tum
2836 3137 3045 3196 maxi-

1117 3249 1214 3289 me
1255 3230 1540 3292 intentam
1584 3233 1933 3312 improvisus
1977 3234 2287 3314 oppressit.
2370 3234 2531 3301 Quae
2564 3253 2657 3294 res
2680 3233 2783 3292 ubi
2812 3231 3043 3294 Rome

791 3333 901 3411 Lrv.
927 3333 1061 3400 Epit.
1117 3333 1255 3385 sunt
1280 3327 1521 3399 auditae,
1561 3328 1858 3390 consulari
1883 3328 2035 3390 duce
2068 3313 2453 3411 exercituque
2496 3349 2647 3410 opus
2688 3349 2817 3390 esse
2858 3349 3041 3390 sena-

790 3399 981 3515 Dgffllh
1119 3429 1216 3481 tus
1262 3423 1511 3494 censuit,
1563 3445 1685 3505 quo
1728 3435 1979 3506 utraque
2023 3426 2196 3486 simul
2245 3426 2554 3507 Hispania
2590 3425 3040 3488 defenderetur.

789 3498 1095 3594 Porphy'rog.
1119 3517 1206 3584 Q.
1234 3517 1431 3580 Fabio
1459 3519 1739 3583 Maximo
1764 3522 2089 3582 AEmiliano
2114 3542 2189 3582 ea
2214 3543 2337 3583 sors
2361 3524 2580 3594 evenit,
2623 3525 2728 3604 qui
2756 3523 2831 3582 L.
2861 3521 3039 3584 Hos-

787 3594 923 3710 ξω·
943 3611 1008 3645 ¹¹·
1029 3610 1076 3646 ⁰·
1117 3614 1312 3676 tilium
1339 3616 1691 3678 Mancinum
1714 3619 2010 3698 collegam
2036 3619 2096 3679 in
2122 3619 2431 3680 consulatu
2456 3621 2727 3682 habuit?

787 3693 1006 3790 Appias.
1197 3718 1298 3773 34.
1329 3711 1452 3773 Sed
1477 3714 1819 3794 priusquam
1843 3717 1941 3776 hic
1968 3717 2053 3776 ire
2074 3717 2137 3778 in
2157 3717 2521 3798 provinciam
2542 3725 2760 3798 posset,
2782 3716 3039 3778 claudii

823 3802 974 3881 4⁰⁶2·
995 3805 1060 3855 (¹0
1119 3806 1408 3869 Unimani
1446 3813 1709 3891 praetoris
1752 3811 1937 3872 ductu
1980 3811 2179 3873 denuo
2214 3812 2531 3874 infeliciter
2568 3833 2707 3874 cum
2745 3813 3039 3875 Viriatho

789 3869 1092 3987 {ffilfffi
1111 3903 1476 3968 dimicatum.
1560 3906 1881 3969 Exercitus
1920 3907 2227 3969 Romanus
2258 3909 2685 3990 propemodum
2716 3910 3065 3972 occidione·

821 3998 985 4050 Adon.
1115 4021 1302 4062 caesus
1320 4011 1430 4064 est.
1513 4003 1827 4066 Viriathus
1848 4015 2074 4086 tropaea
2096 4007 2155 4066 in
2192 4007 2491 4067 montibus
2510 4008 2631 4066 suis
2651 4007 2873 4088 posuit.
2910 4017 3037 4068 tra-

790 4063 972 4180 8335·
1115 4099 1244 4159 heis
1285 4108 1350 4162 et
1381 4097 1641 4161 fascibus
1662 4101 2077 4183 imperatorum
2104 4123 2253 4184 quos
2275 4103 2515 4165 fuderat
2539 4102 2620 4165 aa
2644 4104 3059 4184 ignominiam.

1670 4317 1699 4348 ⁸
1736 4316 1801 4369 A.
1822 4319 1889 4370 U.
1912 4319 1974 4370 C.
1993 4322 2110 4371 607.
2178 4316 2243 4369 A.
2265 4318 2328 4370 C.
2353 4323 2468 4370 14³.
