3225 5242
656 534 832 601 4188
1630 552 1701 600 τ.
1752 548 1939 602 mvn

649 692 869 759 Appius.
1057 700 1160 757 16.
1189 693 1310 755 Die
1335 696 1703 757 comitiorum
1720 714 1859 755 cum
1874 691 2131 776 populus
2148 692 2339 775 prima
2358 692 2493 755 luce
2508 692 2881 777 Capitolium

975 792 1356 874 implevisset,
1384 795 1635 873 jamque
1663 792 1757 853 Μ.
1788 792 2044 853 Flaccus
2064 812 2203 853 cum
2224 812 2299 853 eo
2322 812 2499 873 agere
2522 810 2767 853 exorans
2788 813 2881 853 es·

973 899 1086 960 set,
1123 909 1337 969 magno
1371 892 1621 971 stipatus
1658 890 1895 969 agmine
1934 889 2122 949 Caius
2144 890 2357 949 eodem
2392 890 2735 951 contendit:
2772 889 2881 951 sed

973 986 1294 1067 impeditus
1319 989 1686 1049 inimicorum
1718 1008 1988 1060 occursu,
2012 986 2311 1053 declinato
2338 987 2621 1059 Comitio,
2654 988 2717 1049 in
2744 1009 2879 1069 por-

975 1085 1158 1145 ticum
1197 1086 1458 1158 secessit,
1494 1085 1708 1156 donec,
1748 1082 1897 1165 quid
1936 1082 2233 1164 agendum
2268 1106 2377 1166 pro
2406 1094 2667 1166 tempore
2700 1095 2879 1159 esset,

651 1159 950 1276 Vss‘fcffiu‘kr·
973 1182 1390 1245 consideraret.
1463 1182 1711 1243 Interim
1739 1183 1823 1249 Q.
1852 1181 2189 1264 Antyllius,
2220 1182 2451 1264 Opimii
2486 1202 2701 1264 praeco,
2738 1202 2879 1243 cum

643 1288 776 1337 Plut.
975 1300 1014 1341 a
1037 1280 1332 1343 sacrificio
1353 1281 1612 1342 consulis
1638 1290 1781 1341 exta
1804 1280 2165 1361 deportaret,
2192 1280 2427 1340 turbam
2452 1278 2877 1341 triumviralem

975 1376 1224 1449 findens,
1255 1389 1271 1415 ‘
1294 1377 1455 1440 Date
1483 1378 1722 1449 locum,’
1748 1377 2075 1448 exclamat,
2096 1386 2115 1415 ‘
2136 1378 2309 1439 bonis
2328 1378 2561 1437 civibus
2586 1378 2882 1458 improbi.’

973 1474 1168 1535 Simul
1205 1462 1494 1537 nudatum
1535 1476 1845 1536 brachium
1880 1476 2129 1557 turpiter
2152 1483 2507 1537 commotum
2530 1476 2881 1556 exporrigit.

973 1573 1052 1633 In
1091 1574 1510 1635 contumeliam
1547 1573 1609 1632 id
1652 1582 1987 1654 acceptum,
2030 1572 2319 1653 stylisque
2358 1572 2740 1651 longioribus,
2772 1572 2879 1653 qui

969 1669 1048 1732 de
1071 1669 1360 1731 industria
1385 1672 1699 1752 praeparati
1724 1670 1906 1732 caedis
1938 1691 2119 1733 causa
2160 1670 2529 1743 dicebantur,
2564 1668 2881 1731 confestim

971 1768 1148 1830 homo
1173 1768 1478 1830 confossus
1503 1778 1614 1829 est.
2624 1818 2629 1825 .

643 1876 860 1942 Appiam
1053 1872 1154 1929 17.
1199 1866 1326 1933 Qui
1375 1864 1657 1926 Graccho
1698 1864 2021 1946 iniquiores
2056 1874 2214 1936 sunt,
2262 1864 2409 1925 nihil
2452 1863 2881 1925 contumeliose

970 1961 1196 2023 dictum
1221 1962 1566 2044 factumque
1605 1964 1685 2023 ab
1711 1963 1997 2045 Antyllio
2038 1964 2431 2035 tradiderunt,
2466 1964 2575 2023 sed
2616 1963 2773 2023 hunc
2816 1964 2879 2021 in

969 2062 1198 2140 porticu
1241 2060 1694 2132 sacrificantem,
1736 2065 1873 2121 cum*
1916 2062 2236 2141 praeteriret
2277 2060 2611 2131 Gracchus,
2652 2060 2881 2139 injecta

968 2177 1146 2217 manu
1165 2161 1482 2237 rogavisse,
1509 2158 1717 2239 patriae
1746 2168 2031 2239 parceret.
2102 2158 2259 2218 Tum
2285 2158 2565 2219 Graccho
2590 2168 2879 2237 tanquam

969 2254 1046 2314 ad
1071 2257 1318 2335 cogitati
1338 2256 1576 2317 sceleris
1594 2257 2110 2337 exprobrationem
2132 2265 2365 2318 torvum
2385 2258 2671 2327 intuente,
2690 2252 2876 2315 clien-

965 2352 1116 2412 tium
1141 2354 1422 2434 aliquem,
1449 2374 1560 2415 nec
1585 2372 1733 2415 voce
1758 2353 1907 2426 ulla,
1946 2374 2057 2415 nec
2090 2355 2262 2435 signo
2284 2362 2628 2435 expectato,
2653 2352 2761 2413 sed
2794 2372 2877 2413 ex

965 2448 1138 2511 vultu
1165 2462 1421 2513 mentem
1441 2452 1809 2533 perspexisse
1834 2460 2051 2524 ratum,
2078 2450 2346 2513 districto
2370 2453 2627 2532 pugione
2644 2448 2876 2510 caedem

963 2551 1310 2626 patravisse.
1381 2549 1727 2629 Utcumque
1748 2569 1841 2609 res
1866 2558 2033 2629 gesta
2052 2558 2161 2622 est,
2184 2550 2491 2629 aegerrimo
2514 2548 2715 2609 animo
2734 2547 2883 2609 tulit

638 2640 770 2689 Plut.
963 2664 1097 2704 eam
1121 2646 1346 2707 Caius:
1389 2667 1645 2729 cumque
1665 2668 1727 2708 se
1752 2656 2105 2729 purgaturus
2130 2648 2191 2708 in
2224 2647 2419 2708 forum
2454 2644 2877 2716 descendisset,

636 2704 939 2822 ν’ςῖῗῖῗῐαΐζ,
963 2762 1072 2804 nec
1093 2744 1298 2803 audire
1319 2746 1631 2825 quisquam
1656 2746 1987 2817 sustineret,
2012 2744 2207 2823 (caede
2231 2746 2390 2805 enim
2412 2744 2673 2822 cognita,
2696 2744 2879 2805 nescii

636 2834 855 2899 Appiam.
965 2841 1068 2900 ubi
1093 2843 1524 2903 constiturum²
1565 2841 1629 2903 id
1655 2842 1997 2924 exemplum
2022 2852 2196 2914 esset,
2229 2841 2457 2922 templo
2491 2839 2877 2918 diffugerant,

962 2946 1026 2998 et
1059 2948 1385 2999 tentantem
1427 2940 1651 3013 dicere,
1694 2950 1983 3021 tanquam
2022 2939 2189 3001 civili
2228 2940 2511 3018 sanguine
2552 2937 2875 3019 pollutum,

636 3029 679 3079 P
681 3031 768 3079 lut.
961 3040 1407 3117 aversabantur)
1431 3058 1646 3117 magno
1666 3036 1871 3098 dolore
1892 3046 2217 3119 correptus,
2238 3037 2475 3097 turbam
2494 3054 2663 3096 suam
2683 3036 2879 3095 incre-

960 3134 1112 3212 puit,
1139 3143 1158 3170 ‘
1177 3134 1338 3214 quod
1365 3136 1641 3206 inimicis,
1654 3134 2017 3216 jampridem
2038 3136 2151 3196 hoc
2170 3134 2590 3214 quaerentibus,
2610 3132 2877 3195 colorem

959 3230 1240 3292 adversus
1279 3253 1408 3292 sese
1443 3232 1873 3313 praebuissent?
1946 3232 2173 3312 Neque
2208 3230 2405 3291 defuit
2443 3228 2650 3291 consul
2692 3250 2875 3291 occa-

957 3328 1129 3399 sioni,
1172 3330 1316 3408 quin
1359 3349 1635 3408 magnam
1673 3330 1827 3390 Caio
1868 3328 2157 3390 invidiam
2196 3326 2505 3398 conflaret,
2542 3326 2714 3406 quasi
2736 3326 2876 3387 cive

630 3429 919 3545 verucliluss
959 3424 1272 3487 interfecto
1291 3428 1639 3488 concionem
1664 3428 1845 3488 etiam
1870 3448 1909 3489 a
1934 3428 2173 3488 tribuno
2200 3426 2393 3507 plebis
2416 3444 2671 3487 avocare
2696 3444 2877 3487 ausus

719 3527 738 3543 '
920 3532 935 3547 ·
958 3533 1133 3584 esset.
2866 3560 2871 3567 -

632 3626 769 3679 Plut.
1041 3628 1137 3681 18.
1170 3620 1338 3683 Dato
1356 3619 1571 3683 deinde
1591 3622 1768 3683 certis
1786 3624 2126 3684 hominibus
2144 3621 2403 3701 negotio,
2424 3628 2494 3680 ut
2510 3626 2649 3681 ante
2676 3617 2877 3680 lucem

955 3727 1214 3778 armatos
1253 3720 1314 3780 in
1361 3720 1733 3801 Capitolium
1776 3720 2162 3792 adducerent,
2206 3718 2465 3779 dimissis
2502 3716 2877 3799 praeconibus

952 3824 1224 3875 senatum
1253 3814 1479 3877 indicit.
1560 3818 1727 3899 Ipse,
1754 3818 1884 3882 aede
1914 3818 2229 3879 Castorum
2256 3824 2571 3899 occupata,
2606 3814 2877 3875 occasio-

953 3932 1087 3973 nem
1107 3935 1274 3974 suam
1301 3916 1621 3995 opperitur.
1708 3915 1967 3976 Irritatis
1991 3916 2253 3976 omnium
2275 3912 2505 3983 animis,
2524 3932 2645 3971 non
2672 3918 2873 3971 tamen

955 4011 1200 4071 ulterius
1227 4032 1300 4071 ea
1327 4011 1425 4071 die
1469 4034 1805 4094 processum
1831 4034 1847 4074 :
1895 4023 1958 4073 et
1990 4014 2176 4073 imbre
2212 4019 2439 4083 coorto,
2467 4009 2655 4069 Caius
2690 4017 2873 4089 atque

957 4108 1226 4182 Fulvius,
1256 4110 1432 4169 rebus
1459 4112 1845 4190 praesentibus
1868 4112 2079 4180 moesti,
2108 4130 2215 4169 sua
2240 4126 2537 4189 quemque
2561 4126 2743 4167 manu
2766 4126 2870 4167 co-

955 4208 1226 4276 nitente,
1253 4206 1460 4267 domos
1485 4207 1897 4269 discesserunt.
1982 4209 2199 4269 Cetera
2228 4206 2419 4287 plebs,
2446 4212 2515 4265 ut
2548 4205 2611 4263 in
2652 4222 2873 4281 magno

953 4301 1288 4365 discrimine
1323 4306 1601 4378 civitatis,
1629 4306 1825 4367 forum
1848 4306 1925 4366 de
1950 4303 2149 4393 media
2174 4312 2349 4365 nocte
2368 4300 2707 4381 occupavit.

1475 4442 1508 4489 2
1547 4438 1879 4489 constitutam
1899 4436 2023 4491 cdd.
2048 4442 2171 4487 ante
2194 4434 2348 4486 Crev-
