3225 5242
745 496 924 566 4184
1371 592 1377 599 ἱ
1710 514 1781 561 τ.
1832 511 2021 562 mvn
2110 451 2116 458 ¹

1073 644 1281 719 eousul
1321 651 1671 719 alliciendos
1716 658 1945 737 maguis
1995 656 2253 739 praemiis
2300 655 2480 723 duros
2524 658 2754 717 animos
2794 666 2977 730 ratnis,

1077 776 1196 817 uon
1225 754 1402 817 modo
1439 754 1787 816 crantorem
1838 776 1976 815 cum
2026 755 2369 836 propinquis
2405 755 2677 815 omuibus
2717 755 2982 817 libertati

1078 854 1328 925 restitui,
1365 854 1643 934 bonaque
1696 853 1769 912 iis
1819 851 1989 913 reddi
2037 854 2241 933 jubet,
2288 852 2393 913 sed
2450 853 2685 935 insuper
2720 862 2983 933 potesta-

1080 960 1202 1011 tem
1257 951 1478 1011 homini
1527 950 1677 1011 facit
1728 969 1809 1011 ex
1858 950 2017 1011 omni
2071 971 2317 1012 numero
2364 952 2733 1033 captivorum
2777 952 2987 1031 capita

1083 1057 1380 1129 nongenta
1413 1045 1730 1109 liberandi.

756 1148 912 1225 Solin-
929 1142 1050 1223 ⁶2⁸·
1165 1152 1225 1207 3.
1271 1144 1570 1226 Hybema
1593 1142 1809 1205 deinde
1841 1144 1903 1204 in
1937 1143 2073 1204 loeo
2090 1144 2208 1221 ,ubi
2235 1151 2606 1226 pugnaverat
2628 1134 2875 1205 habuit:
2902 1152 2987 1215 et,

760 1211 1028 1328 Ῑῗὼξξὲ·
1085 1243 1230 1325 quia
1267 1243 1458 1303 otium
1493 1242 1572 1303 ab
1607 1242 1776 1303 hoste
1809 1250 1960 1313 erat,
2007 1241 2295 1334 moenibus
2333 1241 2615 1301 excitatis
2658 1241 2864 1301 urbem
2894 1240 2990 1301 iu-

703 1390 706 1395 .
767 1344 950 1395 chron.
1085 1341 1282 1403 stituit
1329 1338 1604 1411 condere,
1652 1340 2009 1419 vocavitque
2055 1339 2275 1419 Aquas
2320 1336 2599 1399 Sextias:
2640 1360 2777 1420 quoe
2808 1336 2991 1399 hodie

765 1408 952 1541 ξιξ-3,·
986 1420 1063 1455 ’ν’
1089 1446 1354 1507 manent,
1375 1456 1717 1517 quanquam
1747 1436 1971 1496 minore
2006 1434 2259 1496 fontium
2290 1434 2471 1509 fama,
2498 1456 2745 1515 quorum
2774 1447 2995 1515 magna

801 1538 956 1586 solin.
1092 1556 1249 1617 pars,
1276 1533 1506 1596 calidas
1534 1532 1681 1594 olim
1712 1553 1899 1613 aquas
1922 1531 2168 1594 fundere
2200 1532 2410 1607 solita,
2428 1533 2680 1595 refrixit.
2763 1530 2997 1593 Valido

764 1603 922 1653 strab.
1092 1632 1307 1694 deinde
1345 1630 1619 1713 praesidio
1653 1650 1825 1691 novae
1861 1630 1993 1690 urbi
2018 1632 2317 1713 imposito,
2342 1652 2480 1692 eum
2506 1630 2673 1692 littus
2707 1651 2748 1692 a
2775 1629 3000 1691 Massi-

1093 1728 1179 1790 lia
1211 1728 1458 1789 Italiam
1490 1748 1692 1790 versus
1722 1726 2057 1799 liberasset,
2093 1728 2353 1799 remotis,
2391 1728 2495 1789 ubi
2528 1727 2718 1812 licuit,
2749 1726 2830 1787 ad
2862 1746 2998 1807 pas-

1094 1842 1193 1888 sus
1212 1830 1228 1857 ¹
1265 1824 1429 1887 mille
1464 1826 1842 1906 quingentos,
1874 1824 1979 1885 ubi
2012 1826 2305 1906 iniquiora
2329 1825 2467 1887 loca
2489 1835 2681 1897 erant,
2712 1824 2791 1885 ad
2830 1820 3003 1883 mille

1097 1944 1304 2005 passus
1325 1920 1614 1995 barbaris,
1642 1942 1847 2003 agrum
1874 1921 2047 1983 illum
2076 1920 2539 1984 Massiliensium
2574 1924 2809 1985 civitati
2842 1920 3005 1981 dono

803 2010 941 2090 {⁷²⁸5
981 2010 1074 2062 0⁸·
1097 2022 1286 2094 dedit,
1342 2020 1729 2103 Romamque
1773 2014 2095 2104 profect'us,
2144 2021 2223 2083 de
2276 2020 2625 2103 Liguribus,
2663 2020 3008 2090 vocontiis,

774 2089 867 2208 '1³31‘AE
872 2092 965 2192 11¹¹·
1021 2118 1035 2123 ·
1102 2118 1504 2200 Salluviisque
1539 2118 1880 2201 impetravit
1914 2118 2293 2199 nimpham.

1183 2224 1244 2278 4.
1286 2214 1512 2297 Neque
1543 2215 1733 2276 multo
1767 2224 1902 2297 post
1929 2215 2001 2277 L.
2026 2214 2316 2277 Aurelius
2340 2216 2586 2277 Orestes
2618 2216 3013 2299 triumphavit

1009 2360 1012 2365 -
1102 2334 1182 2375 ex
1209 2309 1510 2385 Sardinia,
1549 2332 1689 2373 eum
1714 2332 1850 2373 eam
1876 2311 2243 2393 provinciam
2274 2313 2545 2393 quintum
2569 2314 2631 2375 in
2656 2332 2877 2375 annum
2899 2315 3009 2376 ob-

1103 2412 1404 2472 tinuisset:
1447 2410 1711 2471 evidenti
1738 2418 2105 2489 argumento,
2142 2408 2303 2471 haud
2340 2429 2587 2491 parvum
2623 2411 2707 2472 ibi
2744 2410 3015 2473 laborem

1104 2507 1306 2581 fuisse,
1341 2508 1439 2569 eui
1471 2506 1851 2570 conficiundo
1884 2498 2345 2589 quinquennium
2379 2509 2771 2571 necesarium
2812 2508 3015 2581 fuerit,

1108 2614 1173 2666 et
1195 2604 1468 2667 confecto
1490 2605 1797 2687 praemium
1821 2604 2165 2685 triumphus.
2249 2603 2697 2689 splendidiores
2718 2606 2778 2667 in
2798 2605 3019 2681 ,Gallia

1113 2702 1232 2764 On.
1255 2703 1532 2775 Domitii,
1549 2704 1655 2784 qui
1672 2702 1877 2763 consul
1896 2704 2261 2785 provinciam
2287 2724 2324 2764 a
2344 2702 2421 2765 C.
2446 2702 2657 2765 Sextio
2680 2716 3017 2786 aeceperat,

1111 2820 1205 2860 res
1242 2809 1424 2881 gestae
1461 2800 1720 2874 fuerunt,
1756 2810 1979 2881 quanto
2020 2820 2159 2863 eum
2192 2800 2533 2863 fortioribus
2566 2802 2822 2885 populis,
2860 2810 2925 2862 et
2958 2802 3019 2861 in

1103 2892 1400 2960 ‘nobiliore
1426 2897 1556 2959 solo
1579 2896 1868 2959 bellatum
1892 2908 2001 2961 est.

1197 3003 1256 3057 5.
1279 2994 1685 3057 Salluviorum
1700 2994 1861 3057 mala
1885 2986 2090 3076 gentes
2114 2997 2465 3081 asperrimas
2478 2995 2881 3077 Allobrogum
2896 2994 3023 3057 Ar-

793 3084 905 3155 Li‘v.
926 3098 1060 3166 Epit.
1117 3113 1548 3175 vernorumque
1590 3093 1995 3156 conciverant.
2076 3095 2442 3175 Allobroges
2486 3092 2891 3155 Salluviorum
2930 3112 3025 3153 re·

1119 3212 1252 3271 gem
1285 3188 1723 3251 Teutomalium
1758 3191 1953 3272 patria
1994 3192 2306 3274 profugum
2346 3192 2601 3272 benigne
2640 3198 3029 3272 exceperant,

1119 3288 1398 3369 omnique
1443 3308 1558 3369 ope
1607 3288 1930 3366 juvabant.
2030 3288 2405 3351 Miscuerunt
2446 3310 2585 3351 eum
2628 3289 2721 3350 his
2766 3288 3033 3349 Arverni

1121 3398 1386 3457 eausam,
1441 3406 1693 3467 quorum
1747 3405 1853 3447 rex
1909 3385 2177 3447 Bituitus
2223 3388 2399 3449 missa
2449 3387 2745 3468 legatione
2787 3386 3033 3447 veniam

833 3478 1049 3593 APsszn·
1126 3482 1524 3553 Salluviorum
1549 3483 1769 3563 regulis
1791 3484 2118 3567 postulans,
2143 3484 2292 3546 nihil
2321 3506 2359 3545 a
2380 3485 2654 3547 Domitio
2679 3486 3034 3565 impetrave-

793 3559 962 3661 ffssh,
1003 3560 1054 3591 '⁰
1126 3588 1240 3642 rat.
1342 3578 1683 3660 Legationis
1732 3602 1892 3643 nova
1930 3582 2121 3644 forma
2158 3581 2294 3656 fuit,
2336 3582 2499 3664 quod
2542 3584 2839 3644 hominem
2884 3601 3037 3663 prae-

1073 3722 1076 3728 ·
1127 3678 1288 3740 clare
1332 3678 1636 3751 vestitum,
1679 3700 1797 3740 uon
1839 3680 2015 3741 modo
2060 3680 2405 3754 satellitum,
2450 3680 2557 3743 sed
2598 3680 2781 3742 etiam
2818 3698 3037 3741 eanum

803 3774 1019 3892 42⁴3&
1041 3788 1082 3823 ¹·
1126 3774 1396 3838 cuewdia
1421 3778 1797 3859 sequebatur.
1881 3778 2123 3840 Aderat
2158 3788 2221 3839 et
2258 3780 2541 3840 barbarus
2571 3788 2761 3851 vates,
2804 3776 3043 3838 Bardos

835 3903 1000 3954 Posid.
1025 3918 1108 3967 ⁸9·
1129 3876 1325 3958 patria
1359 3870 1568 3955 lingua
1603 3885 1842 3949 vocant,
1872 3898 1991 3959 quo
2028 3897 2236 3955 genere
2263 3897 2617 3959 magnopere
2642 3876 3041 3947 delectantur,

804 3970 990 4084 Ᾱιὶὲὶθῠ·
1010 3984 1086 4021 W·
1132 3974 1244 4135 gui
1285 3972 1492 4133 gtentili
1535 3975 1797 4035 carmine
1849 3995 2044 4055 regem
2090 3984 2441 4057 gentemque
2476 3986 2541 4037 et
2579 3976 2841 4055 legatum
2882 3972 3041 4035 eele-

1175 4094 1302 4133 rare
1332 4116 1349 4132 .

1215 4178 1275 4232 6.
1321 4170 1476 4231 Cum
1507 4171 1585 4232 ab
1624 4170 1718 4231 his
1750 4170 1941 4231 causis
1966 4172 2167 4233 omnia
2196 4172 2329 4252 jam
2354 4169 2496 4263 satis
2520 4168 2599 4231 ad
2626 4168 2849 4260 bellum
2874 4188 3042 4251 spec-

1205 4322 1228 4387 i
1269 4338 1354 4389 Ita
1379 4338 1533 4389 (ΣΙ-εν.
1560 4350 1653 4402 pro
1677 4309 1817 4401 sulg-
1853 4334 2050 4388 Italiam
2082 4354 2264 4405 ver-sm,
2304 4338 2500 4389 remotis
2536 4342 2602 4389 nd
2628 4352 2795 4405 penus
2828 4338 2883 4389 in
2926 4335 3049 4390 edd:

1139 4418 1250 4472 l’f‘:
