<?xml version="1.0" encoding="UTF-8"?>
<!DOCTYPE html PUBLIC "-//W3C//DTD XHTML 1.0 Transitional//EN"
    "http://www.w3.org/TR/xhtml1/DTD/xhtml1-transitional.dtd">
<html xmlns="http://www.w3.org/1999/xhtml" xml:lang="en" lang="en">
 <head>
  <title>
</title>
<meta http-equiv="Content-Type" content="text/html;charset=utf-8" />
  <meta name='ocr-system' content='tesseract 3.04.00' />
  <meta name='ocr-capabilities' content='ocr_page ocr_carea ocr_par ocr_line ocrx_word'/>
</head>
<body>
  <div class='ocr_page' id='page_1' title='image "./tliviipatavinih36unkngoog_0088.png"; bbox 0 0 3225 5242; ppageno 0'>
   <div class='ocr_carea' id='block_1_1' title="bbox 982 909 2864 1082">
    <p class='ocr_par' dir='ltr' id='par_1_1' title="bbox 982 909 2864 1082">
     <span class='ocr_line' id='line_1_1' title="bbox 982 909 2864 1082; baseline -0.007 0"><span class='ocrx_word' id='word_1_1' title='bbox 982 909 2864 1082; x_wconf 83' lang='lat' dir='ltr'>SUPPLEMENTUM</span> 
     </span>
    </p>
   </div>
   <div class='ocr_carea' id='block_1_2' title="bbox 861 2659 1073 2723">
    <p class='ocr_par' dir='ltr' id='par_1_2' title="bbox 861 2659 1073 2723">
     <span class='ocr_line' id='line_1_2' title="bbox 861 2659 1073 2723; baseline 0.005 -16"><span class='ocrx_word' id='word_1_2' title='bbox 861 2659 1073 2723; x_wconf 72' lang='lat' dir='ltr'><strong>Appium.</strong></span> 
     </span>
    </p>
   </div>
   <div class='ocr_carea' id='block_1_3' title="bbox 828 2721 958 2773">
    <p class='ocr_par' dir='ltr' id='par_1_3' title="bbox 828 2721 958 2773">
     <span class='ocr_line' id='line_1_3' title="bbox 828 2721 958 2773; baseline 0 -1"><span class='ocrx_word' id='word_1_3' title='bbox 828 2721 958 2773; x_wconf 85' lang='lat' dir='ltr'><strong>Iber.</strong></span> 
     </span>
    </p>
   </div>
   <div class='ocr_carea' id='block_1_4' title="bbox 1479 1241 2355 1570">
    <p class='ocr_par' dir='ltr' id='par_1_4' title="bbox 1479 1241 2355 1570">
     <span class='ocr_line' id='line_1_4' title="bbox 1657 1241 2193 1309; baseline -0.004 0"><span class='ocrx_word' id='word_1_4' title='bbox 1657 1241 1931 1309; x_wconf 82' lang='lat' dir='ltr'><strong>LIBRI</strong></span> <span class='ocrx_word' id='word_1_5' title='bbox 1996 1241 2193 1308; x_wconf 82' lang='lat' dir='ltr'><strong>LIV.</strong></span> 
     </span>
     <span class='ocr_line' id='line_1_5' title="bbox 1479 1491 2355 1570; baseline -0.001 -1"><span class='ocrx_word' id='word_1_6' title='bbox 1479 1491 2069 1570; x_wconf 88' lang='lat' dir='ltr'><strong>HISTORIA</strong></span> <span class='ocrx_word' id='word_1_7' title='bbox 2083 1492 2355 1570; x_wconf 86' lang='lat' dir='ltr'><strong>RUM</strong></span> 
     </span>
    </p>
   </div>
   <div class='ocr_carea' id='block_1_5' title="bbox 1188 1739 2679 1836">
    <p class='ocr_par' dir='ltr' id='par_1_5' title="bbox 1188 1739 2679 1836">
     <span class='ocr_line' id='line_1_6' title="bbox 1188 1739 2679 1836; baseline 0 -9"><span class='ocrx_word' id='word_1_8' title='bbox 1188 1739 1308 1828; x_wconf 89' lang='grc' dir='ltr'><strong>Τ.</strong></span> <span class='ocrx_word' id='word_1_9' title='bbox 1413 1739 1805 1830; x_wconf 93' lang='lat' dir='ltr'><strong>LIVII</strong></span> <span class='ocrx_word' id='word_1_10' title='bbox 1872 1739 2679 1836; x_wconf 85' lang='lat' dir='ltr'><strong>PATAVINI.</strong></span> 
     </span>
    </p>
   </div>
   <div class='ocr_carea' id='block_1_6' title="bbox 1148 2269 3079 4402">
    <p class='ocr_par' dir='ltr' id='par_1_6' title="bbox 1148 2269 3071 3536">
     <span class='ocr_line' id='line_1_7' title="bbox 1149 2269 3060 2374; baseline -0.001 -24"><span class='ocrx_word' id='word_1_11' title='bbox 1149 2299 1206 2351; x_wconf 92' lang='lat'><strong>1.</strong></span> <span class='ocrx_word' id='word_1_12' title='bbox 1235 2269 1338 2356; x_wconf 81' lang='grc' dir='ltr'><strong>ῙΝ</strong></span> <span class='ocrx_word' id='word_1_13' title='bbox 1367 2291 1673 2374; x_wconf 75' lang='lat' dir='ltr'><strong>Hispania</strong></span> <span class='ocrx_word' id='word_1_14' title='bbox 1690 2313 1830 2353; x_wconf 85' lang='lat' dir='ltr'><strong>cum</strong></span> <span class='ocrx_word' id='word_1_15' title='bbox 1850 2312 2031 2372; x_wconf 81' lang='lat' dir='ltr'><strong>grave</strong></span> <span class='ocrx_word' id='word_1_16' title='bbox 2052 2290 2489 2372; x_wconf 81' lang='lat' dir='ltr'><strong>molestumque</strong></span> <span class='ocrx_word' id='word_1_17' title='bbox 2506 2291 2805 2354; x_wconf 67' lang='lat' dir='ltr'><strong>Romane</strong></span> <span class='ocrx_word' id='word_1_18' title='bbox 2820 2291 3060 2352; x_wconf 80' lang='lat' dir='ltr'><strong>civitati</strong></span> 
     </span>
     <span class='ocr_line' id='line_1_8' title="bbox 1148 2387 3061 2470; baseline -0.001 -22"><span class='ocrx_word' id='word_1_19' title='bbox 1148 2407 1254 2468; x_wconf 88' lang='lat' dir='ltr'><strong>per</strong></span> <span class='ocrx_word' id='word_1_20' title='bbox 1273 2387 1509 2469; x_wconf 78' lang='lat' dir='ltr'><strong>aliquot</strong></span> <span class='ocrx_word' id='word_1_21' title='bbox 1531 2409 1718 2450; x_wconf 77' lang='lat' dir='ltr'><strong>annos</strong></span> <span class='ocrx_word' id='word_1_22' title='bbox 1732 2387 1961 2450; x_wconf 85' lang='lat' dir='ltr'><strong>bellum</strong></span> <span class='ocrx_word' id='word_1_23' title='bbox 1986 2387 2217 2461; x_wconf 76' lang='lat' dir='ltr'><strong>fuisset,</strong></span> <span class='ocrx_word' id='word_1_24' title='bbox 2248 2388 2686 2450; x_wconf 75' lang='lat' dir='ltr'><strong>intolerabilior</strong></span> <span class='ocrx_word' id='word_1_25' title='bbox 2708 2408 2837 2470; x_wconf 84' lang='lat' dir='ltr'><strong>pax</strong></span> <span class='ocrx_word' id='word_1_26' title='bbox 2878 2407 3061 2448; x_wconf 84' lang='lat' dir='ltr'><strong>exce-</strong></span> 
     </span>
     <span class='ocr_line' id='line_1_9' title="bbox 1148 2483 3062 2566; baseline -0.001 -21"><span class='ocrx_word' id='word_1_27' title='bbox 1148 2486 1258 2566; x_wconf 89' lang='lat' dir='ltr'><strong>pit.</strong></span> <span class='ocrx_word' id='word_1_28' title='bbox 1326 2484 1494 2548; x_wconf 86' lang='lat' dir='ltr'><strong>Nam</strong></span> <span class='ocrx_word' id='word_1_29' title='bbox 1515 2496 1578 2547; x_wconf 88' lang='lat' dir='ltr'><strong>et</strong></span> <span class='ocrx_word' id='word_1_30' title='bbox 1597 2486 1865 2548; x_wconf 86' lang='lat' dir='ltr'><strong>Arvacci</strong></span> <span class='ocrx_word' id='word_1_31' title='bbox 1893 2486 2057 2566; x_wconf 80' lang='lat' dir='ltr'><strong>prius</strong></span> <span class='ocrx_word' id='word_1_32' title='bbox 2090 2487 2168 2546; x_wconf 81' lang='lat' dir='ltr'><strong>ab</strong></span> <span class='ocrx_word' id='word_1_33' title='bbox 2192 2484 2556 2547; x_wconf 81' lang='lat' dir='ltr'><strong>instituendo</strong></span> <span class='ocrx_word' id='word_1_34' title='bbox 2580 2485 2803 2547; x_wconf 82' lang='lat' dir='ltr'><strong>foedere</strong></span> <span class='ocrx_word' id='word_1_35' title='bbox 2830 2483 3062 2546; x_wconf 76' lang='lat' dir='ltr'><strong>resilie-</strong></span> 
     </span>
     <span class='ocr_line' id='line_1_10' title="bbox 1150 2581 3061 2666; baseline -0.001 -22"><span class='ocrx_word' id='word_1_36' title='bbox 1150 2593 1324 2654; x_wconf 83' lang='lat' dir='ltr'><strong>runt;</strong></span> <span class='ocrx_word' id='word_1_37' title='bbox 1373 2592 1437 2644; x_wconf 88' lang='lat' dir='ltr'><strong>et</strong></span> <span class='ocrx_word' id='word_1_38' title='bbox 1474 2593 1686 2666; x_wconf 81' lang='lat' dir='ltr'><strong>postea</strong></span> <span class='ocrx_word' id='word_1_39' title='bbox 1730 2604 1940 2666; x_wconf 83' lang='lat' dir='ltr'><strong>pacem</strong></span> <span class='ocrx_word' id='word_1_40' title='bbox 1990 2581 2241 2663; x_wconf 74' lang='lat' dir='ltr'><strong>geminis</strong></span> <span class='ocrx_word' id='word_1_41' title='bbox 2282 2601 2423 2642; x_wconf 85' lang='lat' dir='ltr'><strong>eum</strong></span> <span class='ocrx_word' id='word_1_42' title='bbox 2471 2583 2746 2644; x_wconf 80' lang='lat' dir='ltr'><strong>hostibus</strong></span> <span class='ocrx_word' id='word_1_43' title='bbox 2789 2591 3061 2664; x_wconf 80' lang='lat' dir='ltr'><strong>pactam,</strong></span> 
     </span>
     <span class='ocr_line' id='line_1_11' title="bbox 1153 2678 3063 2761; baseline -0.001 -21"><span class='ocrx_word' id='word_1_44' title='bbox 1153 2681 1428 2742; x_wconf 82' lang='lat' dir='ltr'><strong>neutrubi</strong></span> <span class='ocrx_word' id='word_1_45' title='bbox 1449 2689 1640 2741; x_wconf 75' lang='lat' dir='ltr'><strong>ratam</strong></span> <span class='ocrx_word' id='word_1_46' title='bbox 1665 2689 1904 2742; x_wconf 74' lang='lat' dir='ltr'><strong>senatun</strong></span> <span class='ocrx_word' id='word_1_47' title='bbox 1928 2699 2056 2741; x_wconf 79' lang='lat' dir='ltr'><strong>esse</strong></span> <span class='ocrx_word' id='word_1_48' title='bbox 2081 2678 2293 2741; x_wconf 79' lang='lat' dir='ltr'><strong>voluit.</strong></span> <span class='ocrx_word' id='word_1_49' title='bbox 2378 2680 2461 2747; x_wconf 79' lang='lat' dir='ltr'><strong>Q.</strong></span> <span class='ocrx_word' id='word_1_50' title='bbox 2491 2679 2826 2761; x_wconf 75' lang='lat' dir='ltr'><strong>Pompeius</strong></span> <span class='ocrx_word' id='word_1_51' title='bbox 2848 2679 3063 2741; x_wconf 77' lang='lat' dir='ltr'><strong>eonsul</strong></span> 
     </span>
     <span class='ocr_line' id='line_1_12' title="bbox 1148 2777 3071 2859; baseline -0.002 -21"><span class='ocrx_word' id='word_1_52' title='bbox 1148 2798 1288 2839; x_wconf 84' lang='lat' dir='ltr'><strong>eum</strong></span> <span class='ocrx_word' id='word_1_53' title='bbox 1308 2779 1498 2859; x_wconf 89' lang='lat' dir='ltr'><strong>primo</strong></span> <span class='ocrx_word' id='word_1_54' title='bbox 1517 2797 1658 2838; x_wconf 81' lang='lat' dir='ltr'><strong>vere</strong></span> <span class='ocrx_word' id='word_1_55' title='bbox 1678 2778 1741 2837; x_wconf 87' lang='lat' dir='ltr'><strong>in</strong></span> <span class='ocrx_word' id='word_1_56' title='bbox 1767 2777 2133 2858; x_wconf 80' lang='lat' dir='ltr'><strong>provinciam</strong></span> <span class='ocrx_word' id='word_1_57' title='bbox 2158 2777 2441 2849; x_wconf 80' lang='lat' dir='ltr'><strong>venisset,</strong></span> <span class='ocrx_word' id='word_1_58' title='bbox 2466 2777 2799 2838; x_wconf 82' lang='lat' dir='ltr'><strong>exereitum</strong></span> <span class='ocrx_word' id='word_1_59' title='bbox 2820 2777 3071 2858; x_wconf 74' lang='lat' dir='ltr'><strong>aeeepit</strong></span> 
     </span>
     <span class='ocr_line' id='line_1_13' title="bbox 1151 2871 3071 2955; baseline 0.001 -21"><span class='ocrx_word' id='word_1_60' title='bbox 1151 2893 1364 2954; x_wconf 77' lang='lat' dir='ltr'><strong>genere</strong></span> <span class='ocrx_word' id='word_1_61' title='bbox 1394 2894 1757 2954; x_wconf 82' lang='lat' dir='ltr'><strong>numeroque</strong></span> <span class='ocrx_word' id='word_1_62' title='bbox 1773 2873 2033 2935; x_wconf 78' lang='lat' dir='ltr'><strong>cuilibet</strong></span> <span class='ocrx_word' id='word_1_63' title='bbox 2060 2872 2226 2934; x_wconf 88' lang='lat' dir='ltr'><strong>bello</strong></span> <span class='ocrx_word' id='word_1_64' title='bbox 2261 2893 2485 2955; x_wconf 85' lang='lat' dir='ltr'><strong>parem.</strong></span> <span class='ocrx_word' id='word_1_65' title='bbox 2565 2871 2847 2954; x_wconf 75' lang='lat' dir='ltr'><strong>Triginta</strong></span> <span class='ocrx_word' id='word_1_66' title='bbox 2870 2875 3071 2936; x_wconf 85' lang='lat' dir='ltr'><strong>millia</strong></span> 
     </span>
     <span class='ocr_line' id='line_1_14' title="bbox 1151 2968 3068 3052; baseline 0.002 -23"><span class='ocrx_word' id='word_1_67' title='bbox 1151 2969 1420 3051; x_wconf 86' lang='lat' dir='ltr'><strong>peditum</strong></span> <span class='ocrx_word' id='word_1_68' title='bbox 1445 2979 1641 3042; x_wconf 86' lang='lat' dir='ltr'><strong>erant,</strong></span> <span class='ocrx_word' id='word_1_69' title='bbox 1666 2969 1935 3050; x_wconf 86' lang='lat' dir='ltr'><strong>equitum</strong></span> <span class='ocrx_word' id='word_1_70' title='bbox 1959 2968 2121 3030; x_wconf 90' lang='lat' dir='ltr'><strong>duo:</strong></span> <span class='ocrx_word' id='word_1_71' title='bbox 2168 2971 2282 3030; x_wconf 81' lang='lat' dir='ltr'><strong>sub</strong></span> <span class='ocrx_word' id='word_1_72' title='bbox 2319 2969 2553 3051; x_wconf 74' lang='lat' dir='ltr'><strong>aliquot</strong></span> <span class='ocrx_word' id='word_1_73' title='bbox 2578 2969 3068 3052; x_wconf 75' lang='lat' dir='ltr'><strong>imperatoribus,</strong></span> 
     </span>
     <span class='ocr_line' id='line_1_15' title="bbox 1151 3067 3069 3148; baseline 0.003 -22"><span class='ocrx_word' id='word_1_74' title='bbox 1151 3075 1216 3127; x_wconf 86' lang='lat' dir='ltr'><strong>et</strong></span> <span class='ocrx_word' id='word_1_75' title='bbox 1238 3067 1555 3128; x_wconf 80' lang='lat' dir='ltr'><strong>novissime</strong></span> <span class='ocrx_word' id='word_1_76' title='bbox 1580 3069 1693 3128; x_wconf 79' lang='lat' dir='ltr'><strong>sub</strong></span> <span class='ocrx_word' id='word_1_77' title='bbox 1720 3067 1805 3135; x_wconf 80' lang='lat' dir='ltr'><strong>Q.</strong></span> <span class='ocrx_word' id='word_1_78' title='bbox 1836 3067 2260 3138; x_wconf 83' lang='lat' dir='ltr'><strong>Macedonico,</strong></span> <span class='ocrx_word' id='word_1_79' title='bbox 2288 3067 2779 3148; x_wconf 67' lang='lat' dir='ltr'><strong>praestantissimo</strong></span> <span class='ocrx_word' id='word_1_80' title='bbox 2816 3069 2901 3129; x_wconf 88' lang='lat' dir='ltr'><strong>ad</strong></span> <span class='ocrx_word' id='word_1_81' title='bbox 2936 3091 3069 3131; x_wconf 83' lang='lat' dir='ltr'><strong>om-</strong></span> 
     </span>
     <span class='ocr_line' id='line_1_16' title="bbox 1151 3162 3071 3244; baseline 0.003 -22"><span class='ocrx_word' id='word_1_82' title='bbox 1151 3164 1254 3224; x_wconf 88' lang='lat' dir='ltr'><strong>nia</strong></span> <span class='ocrx_word' id='word_1_83' title='bbox 1293 3183 1590 3226; x_wconf 84' lang='lat' dir='ltr'><strong>armorum</strong></span> <span class='ocrx_word' id='word_1_84' title='bbox 1630 3165 1855 3234; x_wconf 86' lang='lat' dir='ltr'><strong>munia,</strong></span> <span class='ocrx_word' id='word_1_85' title='bbox 1890 3162 2342 3243; x_wconf 78' lang='lat' dir='ltr'><strong>diligentissime</strong></span> <span class='ocrx_word' id='word_1_86' title='bbox 2384 3165 2719 3225; x_wconf 87' lang='lat' dir='ltr'><strong>exercitata</strong></span> <span class='ocrx_word' id='word_1_87' title='bbox 2747 3166 3071 3244; x_wconf 77' lang='lat' dir='ltr'><strong>juventus.</strong></span> 
     </span>
     <span class='ocr_line' id='line_1_17' title="bbox 1155 3257 3071 3342; baseline 0.004 -24"><span class='ocrx_word' id='word_1_88' title='bbox 1155 3257 1380 3339; x_wconf 86' lang='lat' dir='ltr'><strong>Neque</strong></span> <span class='ocrx_word' id='word_1_89' title='bbox 1408 3269 1606 3321; x_wconf 82' lang='lat' dir='ltr'><strong>tamen</strong></span> <span class='ocrx_word' id='word_1_90' title='bbox 1634 3261 1879 3342; x_wconf 86' lang='lat' dir='ltr'><strong>perinde</strong></span> <span class='ocrx_word' id='word_1_91' title='bbox 1906 3259 2143 3322; x_wconf 82' lang='lat' dir='ltr'><strong>fortuna</strong></span> <span class='ocrx_word' id='word_1_92' title='bbox 2167 3259 2314 3321; x_wconf 90' lang='lat' dir='ltr'><strong>belli</strong></span> <span class='ocrx_word' id='word_1_93' title='bbox 2342 3281 2408 3322; x_wconf 77' lang='lat' dir='ltr'><strong>se</strong></span> <span class='ocrx_word' id='word_1_94' title='bbox 2442 3259 2633 3322; x_wconf 86' lang='lat' dir='ltr'><strong>dedit.</strong></span> <span class='ocrx_word' id='word_1_95' title='bbox 2716 3259 2881 3323; x_wconf 81' lang='lat' dir='ltr'><strong>Cum</strong></span> <span class='ocrx_word' id='word_1_96' title='bbox 2904 3265 3071 3324; x_wconf 84' lang='lat' dir='ltr'><strong>enim</strong></span> 
     </span>
     <span class='ocr_line' id='line_1_18' title="bbox 1154 3356 3071 3440; baseline 0.003 -25"><span class='ocrx_word' id='word_1_97' title='bbox 1154 3357 1447 3437; x_wconf 86' lang='lat' dir='ltr'><strong>principio</strong></span> <span class='ocrx_word' id='word_1_98' title='bbox 1471 3377 1688 3438; x_wconf 81' lang='lat' dir='ltr'><strong>magna</strong></span> <span class='ocrx_word' id='word_1_99' title='bbox 1710 3377 1849 3438; x_wconf 76' lang='lat' dir='ltr'><strong>spes</strong></span> <span class='ocrx_word' id='word_1_100' title='bbox 1872 3359 2040 3438; x_wconf 75' lang='lat' dir='ltr'><strong>pacis</strong></span> <span class='ocrx_word' id='word_1_101' title='bbox 2064 3366 2128 3418; x_wconf 90' lang='lat' dir='ltr'><strong>et</strong></span> <span class='ocrx_word' id='word_1_102' title='bbox 2152 3358 2421 3418; x_wconf 69' lang='lat' dir='ltr'><strong>victoriae</strong></span> <span class='ocrx_word' id='word_1_103' title='bbox 2443 3356 2679 3430; x_wconf 73' lang='lat' dir='ltr'><strong>fuisset,</strong></span> <span class='ocrx_word' id='word_1_104' title='bbox 2720 3377 2915 3440; x_wconf 82' lang='lat' dir='ltr'><strong>parvo</strong></span> <span class='ocrx_word' id='word_1_105' title='bbox 2940 3375 3071 3422; x_wconf 81' lang='lat' dir='ltr'><strong>mo-</strong></span> 
     </span>
     <span class='ocr_line' id='line_1_19' title="bbox 1154 3454 2052 3536; baseline 0.004 -25"><span class='ocrx_word' id='word_1_106' title='bbox 1154 3460 1356 3514; x_wconf 86' lang='lat' dir='ltr'><strong>mento</strong></span> <span class='ocrx_word' id='word_1_107' title='bbox 1382 3472 1510 3513; x_wconf 76' lang='lat' dir='ltr'><strong>sors</strong></span> <span class='ocrx_word' id='word_1_108' title='bbox 1530 3454 1731 3516; x_wconf 86' lang='lat' dir='ltr'><strong>omnia</strong></span> <span class='ocrx_word' id='word_1_109' title='bbox 1749 3455 2052 3536; x_wconf 55' lang='lat' dir='ltr'><strong>retroagit.</strong></span> 
     </span>
    </p>

    <p class='ocr_par' dir='ltr' id='par_1_7' title="bbox 1155 3547 3079 4402">
     <span class='ocr_line' id='line_1_20' title="bbox 1233 3547 3071 3632; baseline 0.003 -24"><span class='ocrx_word' id='word_1_110' title='bbox 1233 3554 1296 3609; x_wconf 80' lang='lat'><strong>2.</strong></span> <span class='ocrx_word' id='word_1_111' title='bbox 1339 3547 1560 3611; x_wconf 88' lang='lat' dir='ltr'><strong>Territi</strong></span> <span class='ocrx_word' id='word_1_112' title='bbox 1585 3558 1755 3611; x_wconf 86' lang='lat' dir='ltr'><strong>tanto</strong></span> <span class='ocrx_word' id='word_1_113' title='bbox 1774 3550 1922 3611; x_wconf 87' lang='lat' dir='ltr'><strong>belli</strong></span> <span class='ocrx_word' id='word_1_114' title='bbox 1948 3559 2240 3632; x_wconf 89' lang='lat' dir='ltr'><strong>apparatu</strong></span> <span class='ocrx_word' id='word_1_115' title='bbox 2268 3547 2562 3624; x_wconf 82' lang='lat' dir='ltr'><strong>Arvacei,</strong></span> <span class='ocrx_word' id='word_1_116' title='bbox 2580 3550 2797 3632; x_wconf 77' lang='lat' dir='ltr'><strong>legatia</strong></span> <span class='ocrx_word' id='word_1_117' title='bbox 2815 3552 2900 3612; x_wconf 88' lang='lat' dir='ltr'><strong>ad</strong></span> <span class='ocrx_word' id='word_1_118' title='bbox 2926 3573 3071 3614; x_wconf 81' lang='lat' dir='ltr'><strong>con·</strong></span> 
     </span>
     <span class='ocr_line' id='line_1_21' title="bbox 1155 3643 3077 3729; baseline 0.003 -23"><span class='ocrx_word' id='word_1_119' title='bbox 1155 3643 1346 3706; x_wconf 78' lang='lat' dir='ltr'><strong>sulem</strong></span> <span class='ocrx_word' id='word_1_120' title='bbox 1370 3645 1585 3718; x_wconf 74' lang='lat' dir='ltr'><strong>missia,</strong></span> <span class='ocrx_word' id='word_1_121' title='bbox 1603 3667 1707 3708; x_wconf 80' lang='lat' dir='ltr'><strong>eas</strong></span> <span class='ocrx_word' id='word_1_122' title='bbox 1732 3648 1793 3707; x_wconf 92' lang='lat' dir='ltr'><strong>in</strong></span> <span class='ocrx_word' id='word_1_123' title='bbox 1818 3647 2190 3709; x_wconf 83' lang='lat' dir='ltr'><strong>conditiones</strong></span> <span class='ocrx_word' id='word_1_124' title='bbox 2213 3646 2407 3708; x_wconf 77' lang='lat' dir='ltr'><strong>foedus</strong></span> <span class='ocrx_word' id='word_1_125' title='bbox 2431 3648 2940 3729; x_wconf 82' lang='lat' dir='ltr'><strong>impetraverant;</strong></span> <span class='ocrx_word' id='word_1_126' title='bbox 2972 3661 2991 3688; x_wconf 77' lang='lat'><em>⁶</em></span> <span class='ocrx_word' id='word_1_127' title='bbox 3006 3662 3077 3712; x_wconf 87' lang='lat' dir='ltr'><strong>ut</strong></span> 
     </span>
     <span class='ocr_line' id='line_1_22' title="bbox 1155 3742 3075 3828; baseline 0.004 -27"><span class='ocrx_word' id='word_1_128' title='bbox 1155 3751 1320 3802; x_wconf 87' lang='lat' dir='ltr'><strong>certa</strong></span> <span class='ocrx_word' id='word_1_129' title='bbox 1333 3742 1432 3803; x_wconf 88' lang='lat' dir='ltr'><strong>die</strong></span> <span class='ocrx_word' id='word_1_130' title='bbox 1449 3750 1763 3825; x_wconf 88' lang='lat' dir='ltr'><strong>utramque</strong></span> <span class='ocrx_word' id='word_1_131' title='bbox 1782 3745 2010 3816; x_wconf 86' lang='lat' dir='ltr'><strong>urbem,</strong></span> <span class='ocrx_word' id='word_1_132' title='bbox 2026 3743 2459 3805; x_wconf 82' lang='lat' dir='ltr'><strong>Termestinam</strong></span> <span class='ocrx_word' id='word_1_133' title='bbox 2480 3744 3075 3828; x_wconf 84' lang='lat' dir='ltr'><strong>Numantinamque‚</strong></span> 
     </span>
     <span class='ocr_line' id='line_1_23' title="bbox 1155 3839 3078 3926; baseline 0.002 -26"><span class='ocrx_word' id='word_1_134' title='bbox 1155 3841 1217 3900; x_wconf 90' lang='lat' dir='ltr'><strong>in</strong></span> <span class='ocrx_word' id='word_1_135' title='bbox 1239 3839 1419 3901; x_wconf 85' lang='lat' dir='ltr'><strong>fidem</strong></span> <span class='ocrx_word' id='word_1_136' title='bbox 1447 3839 1657 3921; x_wconf 88' lang='lat' dir='ltr'><strong>populi</strong></span> <span class='ocrx_word' id='word_1_137' title='bbox 1678 3841 1944 3903; x_wconf 86' lang='lat' dir='ltr'><strong>Romani</strong></span> <span class='ocrx_word' id='word_1_138' title='bbox 1962 3841 2286 3902; x_wconf 86' lang='lat' dir='ltr'><strong>dederent:</strong></span> <span class='ocrx_word' id='word_1_139' title='bbox 2314 3839 2555 3902; x_wconf 75' lang='lat' dir='ltr'><strong>obsides</strong></span> <span class='ocrx_word' id='word_1_140' title='bbox 2570 3851 2898 3915; x_wconf 63' lang='lat' dir='ltr'><strong>trecentos»,</strong></span> <span class='ocrx_word' id='word_1_141' title='bbox 2924 3865 3078 3926; x_wconf 77' lang='lat' dir='ltr'><strong>saga</strong></span> 
     </span>
     <span class='ocr_line' id='line_1_24' title="bbox 1155 3936 3077 4022; baseline 0.003 -24"><span class='ocrx_word' id='word_1_142' title='bbox 1155 3957 1372 3998; x_wconf 82' lang='lat' dir='ltr'><strong>novem</strong></span> <span class='ocrx_word' id='word_1_143' title='bbox 1395 3936 1608 4011; x_wconf 73' lang='lat' dir='ltr'><strong>millia,</strong></span> <span class='ocrx_word' id='word_1_144' title='bbox 1632 3940 1796 4000; x_wconf 88' lang='lat' dir='ltr'><strong>coria</strong></span> <span class='ocrx_word' id='word_1_145' title='bbox 1819 3939 1938 3999; x_wconf 86' lang='lat' dir='ltr'><strong>tria</strong></span> <span class='ocrx_word' id='word_1_146' title='bbox 1960 3939 2176 4010; x_wconf 87' lang='lat' dir='ltr'><strong>millia,</strong></span> <span class='ocrx_word' id='word_1_147' title='bbox 2201 3958 2390 4019; x_wconf 70' lang='lat' dir='ltr'><strong>equos</strong></span> <span class='ocrx_word' id='word_1_148' title='bbox 2412 3937 2735 4000; x_wconf 78' lang='lat' dir='ltr'><strong>bellatores</strong></span> <span class='ocrx_word' id='word_1_149' title='bbox 2756 3941 3077 4022; x_wconf 80' lang='lat' dir='ltr'><strong>octingen-</strong></span> 
     </span>
     <span class='ocr_line' id='line_1_25' title="bbox 1155 4035 3077 4109; baseline 0.004 -14"><span class='ocrx_word' id='word_1_150' title='bbox 1155 4044 1273 4107; x_wconf 73' lang='lat' dir='ltr'><strong>tos,</strong></span> <span class='ocrx_word' id='word_1_151' title='bbox 1311 4055 1478 4097; x_wconf 83' lang='lat' dir='ltr'><strong>arma</strong></span> <span class='ocrx_word' id='word_1_152' title='bbox 1515 4037 1715 4096; x_wconf 86' lang='lat' dir='ltr'><strong>omnia</strong></span> <span class='ocrx_word' id='word_1_153' title='bbox 1756 4035 2095 4098; x_wconf 85' lang='lat' dir='ltr'><strong>traderent:</strong></span> <span class='ocrx_word' id='word_1_154' title='bbox 2138 4035 2269 4097; x_wconf 78' lang='lat' dir='ltr'><strong>haec</strong></span> <span class='ocrx_word' id='word_1_155' title='bbox 2307 4037 2413 4096; x_wconf 91' lang='lat' dir='ltr'><strong>ubi</strong></span> <span class='ocrx_word' id='word_1_156' title='bbox 2452 4036 2758 4109; x_wconf 77' lang='lat' dir='ltr'><strong>fecissent,</strong></span> <span class='ocrx_word' id='word_1_157' title='bbox 2800 4040 2957 4099; x_wconf 75' lang='lat' dir='ltr'><strong>socii</strong></span> <span class='ocrx_word' id='word_1_158' title='bbox 3002 4062 3077 4102; x_wconf 82' lang='lat' dir='ltr'><strong>ac</strong></span> 
     </span>
     <span class='ocr_line' id='line_1_26' title="bbox 1159 4131 3077 4216; baseline 0.003 -25"><span class='ocrx_word' id='word_1_159' title='bbox 1159 4131 1338 4192; x_wconf 85' lang='lat' dir='ltr'><strong>amici</strong></span> <span class='ocrx_word' id='word_1_160' title='bbox 1378 4132 1779 4194; x_wconf 67' lang='lat' dir='ltr'><strong>haberentur!</strong></span> <span class='ocrx_word' id='word_1_161' title='bbox 1874 4133 2035 4194; x_wconf 85' lang='lat' dir='ltr'><strong>Cum</strong></span> <span class='ocrx_word' id='word_1_162' title='bbox 2077 4133 2208 4193; x_wconf 81' lang='lat' dir='ltr'><strong>dies</strong></span> <span class='ocrx_word' id='word_1_163' title='bbox 2245 4134 2532 4207; x_wconf 76' lang='lat' dir='ltr'><strong>venisset,</strong></span> <span class='ocrx_word' id='word_1_164' title='bbox 2576 4143 2783 4196; x_wconf 80' lang='lat' dir='ltr'><strong>cetera</strong></span> <span class='ocrx_word' id='word_1_165' title='bbox 2822 4135 3077 4216; x_wconf 87' lang='lat' dir='ltr'><strong>quidem</strong></span> 
     </span>
     <span class='ocr_line' id='line_1_27' title="bbox 1161 4227 3079 4310; baseline 0.004 -25"><span class='ocrx_word' id='word_1_166' title='bbox 1161 4235 1390 4308; x_wconf 88' lang='lat' dir='ltr'><strong>promte</strong></span> <span class='ocrx_word' id='word_1_167' title='bbox 1416 4227 1812 4310; x_wconf 83' lang='lat' dir='ltr'><strong>alacriterque</strong></span> <span class='ocrx_word' id='word_1_168' title='bbox 1833 4239 1971 4290; x_wconf 77' lang='lat' dir='ltr'><strong>sunt</strong></span> <span class='ocrx_word' id='word_1_169' title='bbox 1990 4229 2309 4291; x_wconf 84' lang='lat' dir='ltr'><strong>factitata:</strong></span> <span class='ocrx_word' id='word_1_170' title='bbox 2352 4230 2457 4290; x_wconf 91' lang='lat' dir='ltr'><strong>ubi</strong></span> <span class='ocrx_word' id='word_1_171' title='bbox 2478 4229 2559 4292; x_wconf 86' lang='lat' dir='ltr'><strong>ad</strong></span> <span class='ocrx_word' id='word_1_172' title='bbox 2586 4251 2753 4292; x_wconf 85' lang='lat' dir='ltr'><strong>arma</strong></span> <span class='ocrx_word' id='word_1_173' title='bbox 2776 4231 3079 4294; x_wconf 79' lang='lat' dir='ltr'><strong>tradenda</strong></span> 
     </span>
     <span class='ocr_line' id='line_1_28' title="bbox 1159 4325 3077 4402; baseline 0.003 -18"><span class='ocrx_word' id='word_1_174' title='bbox 1159 4332 1427 4395; x_wconf 79' lang='lat' dir='ltr'><strong>ventum,</strong></span> <span class='ocrx_word' id='word_1_175' title='bbox 1455 4325 1607 4387; x_wconf 88' lang='lat' dir='ltr'><strong>inter</strong></span> <span class='ocrx_word' id='word_1_176' title='bbox 1624 4327 1891 4389; x_wconf 79' lang='lat' dir='ltr'><strong>homines</strong></span> <span class='ocrx_word' id='word_1_177' title='bbox 1908 4326 2225 4388; x_wconf 75' lang='lat' dir='ltr'><strong>bellicosos</strong></span> <span class='ocrx_word' id='word_1_178' title='bbox 2242 4326 2431 4387; x_wconf 73' lang='lat' dir='ltr'><strong>virilis</strong></span> <span class='ocrx_word' id='word_1_179' title='bbox 2454 4325 2725 4388; x_wconf 75' lang='lat' dir='ltr'><strong>fremitus</strong></span> <span class='ocrx_word' id='word_1_180' title='bbox 2745 4329 2917 4402; x_wconf 89' lang='lat' dir='ltr'><strong>oriri,</strong></span> <span class='ocrx_word' id='word_1_181' title='bbox 2944 4333 3077 4390; x_wconf 81' lang='lat' dir='ltr'><strong>ani-</strong></span> 
     </span>
    </p>
   </div>
  </div>
 </body>
</html>
