3225 5242
761 628 836 679 m
849 628 970 678 BR!
1026 624 1129 679 Lx
1142 628 1304 678 Vlu-
1349 626 2009 681 SUPPhBMBNTUH·

248 770 430 835 sexui
454 778 654 832 nostm
675 780 888 832 natura
911 770 1186 846 dictavit,
1212 771 1370 835 viros
1391 782 1613 835 secutae
1642 772 1751 833 bas
1780 772 1839 833 in
1858 781 2048 833 terras
2072 792 2173 833 ac-

250 869 585 931 cessimus?
652 867 796 929 Nec
844 870 894 929 si
927 873 1074 950 jura
1113 872 1401 951 gentium,
1444 871 1733 952 quicquid
1774 872 1921 932 victi
1970 870 2178 931 fuisset

253 964 390 1028 fieri
419 966 658 1027 victoris
679 964 1017 1039 voluerunt,
1045 966 1238 1027 eidem
1267 966 1661 1038 intercedunt,
1688 988 1811 1049 quo
1831 968 2022 1027 minus
2034 970 2175 1047 jure

128 1104 136 1109 -
251 1084 390 1136 suo,
423 1072 502 1123 ut
533 1082 878 1142 magnorum
917 1064 1248 1125 animorum
1290 1064 1464 1125 insita
1497 1064 1897 1125 misericordia
1930 1063 2173 1144 dignum

250 1168 372 1231 εει,
393 1168 615 1221 utatur.

341 1264 444 1318 68.
487 1256 738 1324 ‘Quare
763 1276 982 1336 magna
1005 1258 1180 1317 nobis
1203 1278 1337 1340 spes
1375 1266 1487 1329 est,
1520 1265 1581 1317 te
1622 1266 1755 1339 post
1786 1256 2049 1317 excisum
2084 1264 2176 1317 tot

251 1357 522 1433 gentium
559 1362 838 1415 terrorem
866 1354 942 1415 ad
971 1376 1262 1417 summum
1292 1356 1500 1437 gloriae
1525 1357 1761 1417 culmen
1788 1356 2035 1427 elatum,
2056 1358 2174 1417 vir-

251 1452 404 1512 tutis
427 1460 602 1532 parto
625 1452 860 1531 egregie
893 1451 1096 1513 decori
1133 1453 1232 1534 adj
1241 1461 1552 1515 uncturum
1592 1472 1717 1513 esse
1742 1452 2027 1515 illustrem
2053 1452 2175 1513 cle·-

249 1550 494 1609 mentioe
534 1548 778 1609 famam.
865 1548 1029 1611 Haec
1068 1548 1220 1611 adeo
1249 1560 1309 1611 ιε
1345 1558 1761 1630 consequetur,
1798 1550 1931 1610 sia
1966 1550 2178 1610 uostris

247 1645 604 1727 corporibus
639 1647 761 1705 vim
799 1654 978 1725 atque
1015 1647 1292 1727 injuriam
1333 1646 1701 1707 abstinueris.
1787 1646 1971 1715 Quod
2010 1647 2061 1706 si
2096 1644 2173 1707 li·

245 1742 548 1803 bertatem
577 1743 866 1821 integram
893 1743 1123 1813 abnuis,
1152 1751 1218 1803 at
1244 1740 1451 1803 Vestae
1484 1764 1591 1803 nos
1628 1744 2037 1805 sacerdotibus
2060 1741 2171 1804 do-

245 1934 408 2015 lege,
445 1934 786 1996 serviamus.
873 1933 980 1995 Sic
1005 1936 1164 1996 enim
1191 1946 1328 1996 sunt
1351 1956 1544 1997 mores
1567 1937 1786 1997 nostri:
1830 1936 2169 1998 libertatem

245 2042 394 2092 ante
419 2032 632 2104 vitam,
659 2028 1010 2112 pudicitiam
1037 2040 1176 2092 aute
1202 2042 1484 2113 utrasque
1515 2034 1803 2114 ponimus.

2327 610 2503 677 4361

2229 1742 2344 1793 val.
2364 1742 2503 1796 Max·

241 1858 354 1911 na,
380 1860 502 1919 quo
519 1838 731 1899 saltem
751 1838 1074 1917 virginibus
1095 1848 1158 1900 et
1175 1840 1381 1912 sacris,
1405 1840 1532 1921 pari
1553 1840 1845 1900 castitatis
1864 1838 2170 1901 servandae
2192 1814 2341 1924 32¹·
2364 1814 2413 1861 δ’

333 2136 432 2191 69.
478 2128 826 2189 ‘Audimus
867 2128 1134 2209 profecto
1181 2131 1434 2190 numinis
1473 2130 1608 2191 loco
1656 2130 1817 2211 apud
1854 2130 2171 2193 Romanos
2194 2136 2299 2188 Liv.
2327 2142 2489 2219 araz.¹

243 2225 601 2309 pudicitiam
652 2226 817 2287 εοῙὶ.
859 2226 998 2287 huic
1050 2248 1182 2287 aras
1227 2248 1376 2300 osse,
1416 2226 1557 2288 huic
1599 2248 1770 2288 sacra
1804 2230 2165 2291 constituta.

246 2322 593 2384 Vestalium
620 2333 822 2383 autem
847 2318 1183 2385 sacerdotio
1209 2304 1478 2385 nullum
1461 2344 1523 2384 m
1553 2325 1697 2385 urbe
1718 2334 1917 2385 vestra
1942 2327 2167 2387 censeri

239 2421 530 2493 sanctius,
560 2420 814 2502 Diisque
842 2422 1083 2499 gratius,
1171 2418 1366 2500 Igitur
1390 2442 1508 2481 non
1546 2442 1585 2481 a
1615 2422 1785 2482 uobis
1808 2430 2166 2483 tantummo-

241 2516 352 2588 do,
392 2517 496 2577 sed
543 2525 606 2577 et
643 2518 724 2576 ab
761 2518 924 2577 bisce
961 2515 1258 2598 proficisci
1298 2538 1502 2599 preces
1541 2518 1685 2579 istas
1718 2528 1905 2599 puta:
1947 2520 2031 2580 sic
2057 2520 2168 2580 tibi

241 2614 599 2695 pudicitiam
643 2612 868 2685 dicere,
914 2633 1052 2694 quae
1093 2614 1418 2674 castissime
1455 2635 1494 2676 a
1535 2624 1645 2675 tua
1678 2614 1847 2676 Julia
1886 2616 2107 2677 colitur
2126 2618 2168 2687 ς’

245 2708 410 2770 Mihi
436 2730 610 2771 oense
637 2712 950 2783 tributum,
981 2710 1318 2792 imperator,
1346 2712 1509 2792 quod
1546 2732 1681 2773 mea
1706 2732 1888 2774 causa
1910 2714 2166 2794 benigne

242 2808 310 2867 in
360 2808 471 2867 bas
513 2807 916 2869 consulueris:
963 2818 980 2845 ⁶
1005 2808 1090 2868 sic
1138 2808 1390 2889 virgines
1412 2810 1452 2879 3'
1495 2831 1602 2892 pro
1652 2810 1882 2871 aucillis
1930 2812 2164 2886 nostris,

235 2906 492 2984 ejusque
517 2904 742 2964 bonore
768 2904 1060 2967 castitatis
1097 2914 1159 2965 et
1201 2906 1598 2978 abstinentiae,
1629 2926 1811 2987 quam
1836 2911 2164 2971 communi·

235 3010 336 3061 ter
368 3000 616 3061 culturae
649 3020 869 3071 sumus,
907 3000 1314 3081 deprecamur.
1403 3001 1598 3063 Iidem
1630 3002 1762 3073 Dii,
1790 3003 1893 3083 qui
1919 3024 2029 3084 pro
2054 3024 2161 3086 po-

239 3097 372 3179 puli
400 3096 662 3158 Romani
689 3105 912 3179 tuaque
938 3099 1194 3159 victoria
1226 3107 1370 3159 vota
1405 3106 1608 3160 nostra
1640 3097 1978 3173 audierunt,
2006 3101 2161 3162 hauc

238 3214 282 3255 a
307 3202 370 3254 te
403 3195 575 3255 velut
595 3196 1008 3255 manubiarum
1037 3202 1265 3275 partem
1293 3202 1505 3276 petunt
1531 3215 1547 3255 ι
1593 3194 1834 3275 largius,
1862 3216 1997 3277 quae
2024 3218 2161 3278 pos-

239 3288 546 3363 tulaveris,
563 3288 784 3363 daturi,
800 3310 936 3353 cum
956 3310 1062 3373 per
1079 3299 1139 3351 te
1161 3290 1380 3374 plures,
1403 3313 1440 3353 a
1456 3292 1673 3373 quibus
1693 3313 1839 3374 pure
1859 3292 2159 3366 colantur,

237 3386 450 3469 adepti
475 3387 732 3449 famulas
756 3388 990 3449 fuerint.

325 3490 430 3548 ¹⁷0.
472 3493 491 3520 ‘
515 3482 740 3565 Neque
767 3484 1016 3545 multum
1057 3490 1170 3556 est,
1203 3484 1254 3544 si
1281 3503 1486 3545 verum
1527 3484 1671 3545 licet
1703 3483 1903 3560 fateri,
1931 3486 2093 3571 quod
2120 3508 2161 3551 a

239 3590 306 3640 te
331 3582 604 3661 petimus.
673 3581 776 3641 Ita
801 3590 936 3643 sunt
961 3580 1386 3663 propemodum
1413 3580 1472 3640 in
1505 3590 1800 3662 potestate
1826 3591 1931 3644 tua
1958 3594 2159 3647 nostra

239 3696 516 3757 corpora,
543 3686 612 3738 ut
649 3686 848 3738 tamen
876 3678 934 3737 in
961 3698 1069 3739 sua
1095 3678 1276 3739 animi
1303 3686 1602 3739 maneant.
1686 3676 1837 3741 Nou
1874 3690 2043 3762 potes
2066 3683 2160 3745 hi·

239 3774 448 3835 invitis
483 3774 710 3835 auferre
736 3775 1078 3855 quicquam.
1165 3773 1233 3835 Si
1259 3773 1408 3835 nihil
1431 3777 1811 3849 concesseris,
1848 3777 1993 3839 nihil
2020 3780 2159 3840 reti-

239 3872 464 3935 nebis..
499 3870 660 3939 Quae
685 3872 805 3932 sint
843 3870 1336 3933 Germanicarum
1359 3870 1675 3932 mulierum
1713 3874 1971 3953 ingenia,
1996 3874 2157 3936 Teu-

239 3980 514 4031 tonarum
563 3978 624 4030 te
671 3969 880 4032 docere
920 3972 1116 4054 potuit
1164 3969 1378 4031 exitus.
1463 3968 1612 4030 Non
1653 3990 1855 4032 sumus
1892 3972 2160 4051 cognatis

241 4066 456 4127 nostris
504 4075 610 4129 aut
659 4089 806 4132 cura
856 4070 1167 4142 castitatis,
1233 4077 1342 4130 aut
1391 4076 1699 4129 contemtu
1749 4068 1955 4129 mortis
2006 4066 2156 4130 infe-

241 4164 466 4225 riores!

237 4367 530 4441 negarunt
553 4358 800 4419 concedi
827 4358 988 4440 quod
1015 4359 1461 4441 postulabatur,
1507 4359 1779 4440 proxima
1814 4368 1991 4421 nocte
2015 4360 2241 4444 totis25

323 4266 426 4326 71.
471 4260 634 4323 Haec
659 4262 764 4322 ubi
790 4262 956 4322 irrita
989 4260 1168 4323 rediit
1193 4261 1436 4342 legatio,
1477 4258 1862 4342 Romanique
1899 4261 1993 4322 fas
2028 4281 2155 4333 esse
2182 4260 2486 4395 pize-8⁸2:-

235 4458 448 4519 castris
465 4456 782 4517 Cimbricis
802 4457 1076 4519 mulieres
1101 4456 1406 4519 suffocatis
1425 4456 1700 4537 elisisque
1721 4458 1937 4538 passim
1961 4458 2151 4519 iufau—
2212 4457 2325 4507 th·
2344 4456 2485 4508 Max.

369 4572 548 4637 Decpa.
564 4578 610 4623 et
641 4572 757 4628 Ver.
775 4574 906 4627 Cloe.
1227 4574 1412 4625 Livius.

2208 4576 2355 4627 1³3
