3225 5242
669 455 844 522 4⁰32
1630 474 1701 522 'r-
1746 473 1943 524 mvn
1968 470 1973 476 ·

666 614 780 665 th·
796 614 928 665 Mox.
989 614 1103 676 sibi
1129 615 1282 676 bene
1307 615 1639 696 imperant:
1680 614 2029 696 faciliorque
2057 613 2341 702 adversus
2370 623 2631 676 armatos
2658 614 2897 674 exerci-

990 721 1107 785 tus,
1135 733 1316 794 quam
1335 713 1576 775 vitiosos
1593 713 1775 774 animi
1798 722 1993 775 motus
2008 713 2311 774 contentio
2332 721 2443 774 est.

1073 815 1175 874 37.
1217 809 1412 891 Atqui
1435 819 1504 870 ut
1525 811 1683 872 hunc
1706 820 1973 893 ereptum
2010 810 2319 892 imperium
2352 809 2433 876 ad
2468 829 2693 871 moram
2718 809 2903 870 rebus

989 906 1379 987 injiciendam
1395 908 1738 982 solicitavit‚
1766 909 1856 969 ita
1878 917 2255 990 prorogatum
2282 909 2345 970 in
2370 906 2561 968 altera
2586 905 2901 989 Hispania

993 1005 1188 1066 Fabio
1213 1005 1547 1067 Ser-viliano
1583 1007 1856 1068 stimulos
1894 1007 2158 1068 addebat
2194 1003 2584 1088 prosequendi
2616 1005 2905 1066 alacriter

698 1094 912 1161 Appius.
991 1102 1166 1165 belli.
1231 1103 1474 1184 Quippe
1499 1123 1578 1166 ex
1606 1103 1833 1166 Ouneis
1850 1105 2121 1166 exercitu
2144 1113 2329 1176 moto,
2356 1102 2727 1176 Viriathum,
2745 1102 2903 1182 quia

667 1159 936 1290 ffi‘sspst,
991 1221 1054 1262 se
1077 1220 1194 1262 non
1221 1201 1532 1275 offerebat,
1561 1203 1624 1263 in
1652 1223 1761 1263 sua
1786 1203 2095 1264 Lusitania
2118 1221 2381 1284 quaerere
2404 1201 2678 1262 instituit.
2762 1200 2902 1261 Per

664 1289 881 1355 ΑΡΡΜ·
991 1294 1150 1360 viam
1183 1298 1590 1361 dimicandum
1636 1301 1749 1381 ipsi
1790 1319 1930 1362 cum
1968 1300 2265 1361 latronum
2308 1298 2564 1360 ducibus
2582 1297 2797 1359 -Curio
2832 1307 2902 1358 et

991 1395 1259 1478 Apuleio
1283 1395 1420 1469 fuit,
1457 1398 1560 1478 qui
1585 1399 1929 1480 opportunis
1952 1397 2101 1459 locis
2118 1396 2379 1458 insidiati
2406 1395 2903 1477 praetervehentia

921 1559 926 1564 ,
988 1492 1416 1574 impedimenta
1439 1495 1872 1556 abstraxerunt.
1958 1495 2211 1569 Occisus
2232 1503 2431 1556 tamen
2464 1493 2525 1553 in
2555 1490 2765 1573 praelio
2800 1503 2902 1553 est

991 1589 1210 1650 Curius
1235 1609 1250 1649 ε
1294 1590 1498 1671 praeda
1529 1611 1766 1675 quoque
1790 1591 1971 1673 paulo
1996 1601 2131 1672 post
2154 1611 2193 1651 a
2220 1589 2555 1650 Ser-viliano
2578 1609 2899 1670 recupera-

989 1694 1073 1746 ta.
1157 1685 1470 1748 Venerunt
1517 1689 1697 1748 etiam
1743 1689 1806 1749 in
1860 1697 2214 1770 potestatem
2260 1688 2437 1748 urbes
2478 1685 2709 1756 multae,
2754 1705 2901 1766 quae

989 1781 1278 1862 praesidiis
1315 1782 1547 1844 insessae
1589 1783 1857 1845 Viriathi
1902 1784 2183 1845 fuerant:
2242 1802 2495 1864 quarum
2536 1779 2797 1842 Escadia
2832 1791 2903 1840 et

991 1877 1271 1939 Gemella
1301 1888 1365 1940 et
1390 1879 1699 1942 Obulcula
1720 1881 1907 1941 fuere.
1974 1879 2103 1940 Hae
2130 1900 2237 1962 pro
2270 1878 2494 1940 meritis
2524 1877 2901 1957 singularum

986 1975 1378 2038 diversimode
1407 1986 1714 2039 tractatae:
1758 1976 1891 2038 aliis
1920 1977 2097 2038 venia
2128 1977 2295 2048 data,
2328 1975 2607 2056 quaedam
2638 1973 2897 2055 dioeptae

986 2081 1143 2133 sunt.
1227 2071 1328 2134 Ex
1365 2073 1616 2154 captivis
1652 2075 1835 2134 etiam
1873 2074 1951 2135 ad
1985 2075 2337 2154 quingentos
2358 2071 2652 2153 supplicio
2674 2071 2899 2151 capitis

989 2167 1226 2230 affecti:
1288 2188 1502 2232 novem
1547 2169 1738 2230 millia
1780 2170 2133 2251 quingentos
2172 2167 2485 2251 proconsul
2522 2167 2633 2227 sub
2666 2186 2901 2242 corona

661 2354 804 2467 19³⁶·
823 2355 886 2404 ‘¹‘
915 2423 948 2471 8
989 2264 1290 2422 veggldlltn
1317 2363 1463 2422 urbe
1487 2363 1716 2423 interea
1740 2361 1826 2424 P.
1856 2360 2135 2424 Scaevola
2156 2362 2427 2423 tribunus
2460 2359 2655 2443 plebis
2677 2359 2756 2420 de
2780 2361 2897 2439 ju-

695 2425 908 2534 ,ᾚᾙξι
951 2453 967 2470 “
987 2453 1148 2518 dicio
1170 2457 1240 2517 L.
1269 2457 1530 2519 Hostilii
1552 2458 1780 2520 Tubuli
1818 2456 1899 2519 ad
1943 2459 2229 2540 populum
2268 2456 2434 2529 tulit,
2469 2458 2575 2539 qui
2614 2458 2897 2538 proximo

671 2563 775 2626 ¹31·
796 2555 846 2600 ὅ·
879 2549 943 2598 ‘¹⁰
987 2572 1144 2616 anno
1169 2562 1386 2636 proetor
1409 2556 1797 2636 quaestionem
1818 2555 1897 2616 de
1922 2556 2152 2617 sicariis
2173 2564 2549 2628 exercuerat,
2574 2555 2753 2615 homo
2778 2575 2897 2634 pu-

555 2681 562 2686 ·
662 2612 857 2728 {3¹5ss
881 2617 965 2729 2?
987 2648 1151 2711 doris
1173 2652 1262 2712 ita
1285 2651 1605 2734 profligati,
1626 2662 1697 2714 ut
1719 2652 1921 2734 palam
1945 2662 2010 2714 et
2048 2660 2253 2734 aperte
2294 2652 2609 2734 pecuniam
2642 2651 2723 2712 ob
2762 2671 2895 2711 rem

660 2745 746 2854 Βὺδ-
769 2743 831 2791 de
851 2743 970 2794 Nat.
979 2745 1372 2825 judicandam
1390 2750 1620 2831 cepisse
1645 2748 1965 2810 diceretur.
2044 2748 2329 2831 Accepta
2358 2749 2690 2829 rogatione,
2714 2767 2893 2809 sena-

661 2822 954 2922 goffisslissh
987 2853 1086 2906 tus
1112 2846 1499 2926 quaestionem
1526 2846 1645 2908 Cn.
1676 2845 1935 2908 Servilio
1960 2845 2235 2928 Cepioni
2272 2845 2503 2907 consuli
2540 2844 2853 2906 mandavit
2874 2865 2896 2905 τ

663 2949 728 2983 11.
750 2940 832 2988 ιο.
987 2962 1112 3024 qua
1137 2963 1200 3004 rc
1225 2942 1556 3016 intellecta,
1576 2963 1715 3005 reus
1736 2964 1875 3005 cum
1892 2943 2367 3005 manifestissimo
2385 2943 2630 3004 crimine
2652 2951 2893 3005 tenere-

1015 3058 1054 3097 α
1088 3083 1106 3111 ,
1672 3043 1685 3058 .
1778 3042 1792 3055 .
1836 3043 1855 3110 ⁹.
1914 3039 1919 3050 .
1978 3041 1993 3055 .
2180 3042 2193 3055 .

987 3039 2675 3220 ζιῖδὶξεῗῖἕοῖηᾟᾜυΐξῗιῗῗκέῑξᾞῒωηἰΙΙιιιιιΣιὶἰῑα
2686 3048 2893 3200 ᾜίῗ

566 3310 575 3320 .
661 3199 964 3313 Ρῖἒξζῗω·
986 3235 1314 3295 ratissimus
1347 3244 1414 3296 et
1447 3235 1897 3307 audacissimus,
1934 3246 2058 3296 tam
2089 3235 2209 3297 levi
2241 3255 2417 3316 poena
2446 3233 2893 3314 defungeretur.

660 3328 880 3378 Pedias.
911 3329 964 3378 in
989 3329 1210 3412 Itaque
1247 3334 1512 3393 revocari
1555 3333 1635 3392 ab
1676 3332 1863 3394 exilio
1904 3332 1981 3394 ad
2022 3353 2263 3394 causam
2294 3331 2609 3393 dicendam
2635 3330 2891 3412 placuit.

659 3393 908 3511 ἓὲζωῗω
989 3425 1112 3487 Sed
1139 3427 1267 3499 ille,
1287 3431 1392 3510 qui
1419 3429 1647 3489 nullum
1674 3429 1857 3490 alium
1876 3439 2155 3490 eventum
2170 3449 2407 3511 sperare
2430 3438 2686 3510 poterat,
2704 3448 2891 3510 quam

987 3532 1056 3584 ut
1073 3525 1134 3585 in
1159 3546 1398 3587 carcere
1418 3536 1752 3598 necaretur,
1777 3547 2007 3607 veneno
2026 3537 2206 3608 epoto
2228 3547 2437 3587 necem
2462 3528 2827 3608 properavit.

1067 3629 1170 3684 39.
1216 3623 1344 3684 Sub
1380 3624 1509 3684 hoec
1546 3634 1836 3706 tempora,
1864 3646 1937 3685 ne
1964 3625 2373 3686 tantummodo
2398 3624 2579 3684 armis
2603 3633 2893 3706 praestare

985 3729 1214 3782 ceteras
1253 3731 1460 3800 gentes
1503 3721 1769 3782 Romani
1812 3721 2215 3794 crederentur,
2270 3723 2507 3800 ingenio
2558 3721 2888 3794 tardioresg

679 3840 861 3890 Cic.de
877 3839 963 3890 01.
985 3837 1124 3878 cum
1164 3817 1288 3878 alia
1319 3838 1384 3879 se
1421 3819 1621 3879 surdis,
1648 3838 1917 3890 erexere,
1944 3828 2071 3879 tum
2094 3821 2279 3880 etiam
2302 3820 2552 3879 historia
2574 3819 2755 3879 scribi
2782 3839 2888 3881 ac-

659 3920 722 3956 ¹¹=
747 3910 826 3955 ¹²·
979 3916 1247 3977 curatius
1268 3916 1470 3997 coepit.
1555 3913 1877 3977 Hactenus
1900 3919 2057 3976 enim
2092 3917 2197 3998 qui
2242 3917 2300 3976 ei
2336 3915 2726 3976 admoverant
2758 3935 2890 3976 ma·-

983 4032 1146 4085 num,
1171 4015 1434 4074 breviter
1457 4014 1803 4094 exposuisse
1828 4034 1923 4074 res
1944 4014 2235 4085 contenti,
2261 4011 2577 4073 annalibus
2598 4012 2892 4075 similiora

979 4111 1358 4190 scripserant.
1435 4109 1660 4191 Neque
1686 4119 1885 4172 tamen
1915 4110 2112 4171 adhuc
2142 4109 2343 4171 Latini
2369 4111 2653 4170 sermonis
2678 4129 2755 4170 ea
2782 4131 2887 4170 co·-

983 4209 1086 4287 pia
1103 4215 1168 4268 et
1191 4215 1472 4268 venustas
1495 4229 1622 4268 esse
1650 4211 1993 4289 putabatur,
2022 4217 2090 4268 ut
2113 4208 2407 4287 ejusmodi
2434 4208 2715 4296 operibus
2752 4207 2887 4286 dig-

983 4305 1170 4366 nitate
1221 4313 1285 4364 et
1334 4305 1527 4384 gratia
1577 4305 1975 4390 responderet.
2066 4304 2373 4387 Multique
2430 4326 2523 4366 res
2574 4303 2890 4367 Romanas
