3225 5242
721 597 934 647 mum
987 597 1267 647 uxvm.
1313 560 1961 647 surranum-trun.
2276 580 2455 647 4359

209 742 378 807 anim
401 740 782 823 experientia
807 741 940 814 viri,
965 742 1078 803 boc
1096 742 1358 803 moribus
1380 742 1685 821 congruit,
1666 762 1683 779 ·
1726 750 1789 803 et
1808 742 2117 803 ambitioni

211 838 460 920 quidem
483 838 664 912 illius,
687 838 794 899 sed
814 840 933 901 ab
917 840 1170 901 mimicis
1189 840 1508 921 ascriptum
1531 849 1641 900 est.
1686 838 1757 899 L.
1782 840 1939 901 enim
1966 839 2119 901 Cor-

210 936 412 997 nelius
435 935 632 1017 Sylla,
657 937 762 1017 qui
793 937 1046 1025 praelio
1027 936 1310 1009 interfuit,
1337 946 1542 997 auctor
1565 945 1675 997 est.
1756 934 1879 997 Sed
1902 946 1965 998 et
1996 938 2175 1051 ipse
2146 935 2255 987 cic.
2246 936 2416 1053 ‘Bi-ut.

213 1032 508 1094 Catulus
493 1052 553 1093 ιιι
575 1033 748 1106 libro,
767 1054 944 1114 quem
961 1032 1038 1094 de
1055 1032 1364 1095 consulatu
1388 1034 1679 1115 rebusque
1704 1035 1881 1113 gestis
1904 1035 2024 1095 ιιιίι
2042 1016 2175 1095 ad⁰
2144 1006 2296 1119 p‘m·

213 1128 308 1191 A.
337 1130 582 1191 Furium
607 1130 785 1204 misit,
811 1131 965 1191 inter
987 1140 1352 1211 argumenta,
1376 1131 1594 1212 quibus
1615 1131 1880 1193 Marium
1896 1152 2125 1193 morose

211 1227 596 1308 maligneque
619 1248 818 1289 secum
839 1230 1026 1308 egisse
1051 1229 1340 1309 queritur,
1366 1230 1480 1290 boc
1503 1230 1815 1291 recensuit.

297 1331 404 1387 61..
446 1324 735 1386 Cimbrici
758 1324 1058 1406 peditatus
1081 1326 1244 1387 acies
1259 1326 1552 1408 quadrata
1573 1326 1725 1387 fuit:
1768 1347 2127 1410 unoquoque

209 1419 406 1483 latere
431 1442 708 1503 passum
729 1423 846 1485 tria
871 1422 1079 1495 millia,
1105 1432 1508 1506 praetereaque
1531 1425 1929 1507 septingentos
1952 1427 2127 1505 quin-

209 1520 506 1600 quaginta
529 1530 787 1602 patente.
874 1519 1094 1582 Dextri
1120 1523 1486 1584 assultabant
1513 1523 1763 1603 equites,
1790 1542 2031 1583 numero
2062 1530 2129 1583 et

212 1627 430 1679 ornatu
453 1619 780 1699 conspicui.
865 1618 1224 1686 Quindecim
1259 1619 1450 1680 millia
1483 1627 1687 1680 erant:
1730 1638 1897 1679 arma
1926 1620 2127 1699 sing-u·-

213 1714 316 1785 lis,
339 1713 524 1776 lorica
541 1713 754 1787 ferrea,
782 1724 1014 1777 scutum
1041 1716 1282 1777 album:
1325 1716 1558 1777 eminus
1589 1716 1795 1778 missili
1819 1716 1976 1787 telo;
2022 1716 2125 1778 ubi

215 1810 300 1872 ad
325 1832 566 1872 manum
581 1822 821 1873 ventum
845 1822 1023 1885 esset,
1039 1832 1253 1891 magna
1272 1813 1554 1893 gravique
1575 1812 1869 1873 macliaera
1884 1832 2007 1873 rem
2022 1833 2127 1893 ge·

211 1908 452 1973 rebant.
535 1908 750 1970 Galeae
774 1909 978 1971 formis
1007 1909 1316 1981 inusitatis,
1342 1918 1404 1969 et
1437 1910 1586 1970 rictu
1622 1910 1956 1971 belluarum
1987 1911 2127 1971 hor-

213 2014 434 2077 rentes,
451 2004 634 2067 alatis
655 2008 850 2067 cristis
873 2008 934 2066 in
955 2005 1324 2067 altitudinem
1345 2008 1712 2079 crescebant,
1734 2006 1813 2067 ad
1840 2008 2123 2085 maiorem
2165 2004 2453 2056 Tne-Germ·

215 2120 402 2181 quam
416 2112 608 2163 essent
620 2123 931 2184 corporum
951 2102 1206 2183 speciem
1229 2102 1482 2163 hostium
1493 2102 1685 2163 oculis
1700 2102 2120 2182 objiciendam.
2148 2086 2193 2122 ⁰·
2214 2076 2298 2121 ³⁸·

297 2204 404 2259 62.
447 2197 606 2259 Cum
627 2200 686 2259 in
707 2200 1045 2281 propinqua
1057 2200 1474 2279 expectatione
1491 2197 1767 2279 praelium
1784 2208 1961 2269 esset,
1982 2198 2123 2259 Ma-
2147 2200 2285 2251 Plut-

215 2296 344 2355 rius
375 2294 884 2383 facto-sacrificio,
921 2297 1200 2377 extisque
1236 2298 1541 2379 porrectis,
1572 2316 1740 2356 suam
1776 2314 1905 2355 esse
1934 2297 2125 2356 victo·

217 2394 372 2453 riam
399 2393 787 2474 proclamavit
809 2413 826 2453 τ
871 2392 1026 2453 lotas
1045 2392 1258 2453 deinde
1285 2412 1496 2453 manus
1514 2393 1593 2454 ad
1613 2393 1831 2453 coelum
1853 2392 2125 2465 tendens,

217 2499 464 2550 centum
499 2492 682 2551 boves
707 2490 1146 2551 immolaturum
1176 2492 1362 2551 vovit.
1447 2489 1645 2552 Vovit
1664 2498 1729 2551 et
1747 2489 2004 2550 Catulus
2024 2510 2131 2551 eo-

219 2584 360 2647 dem
399 2594 564 2667 gestu
601 2586 882 2647 Fortuna
918 2587 1098 2666 hujus
1135 2586 1255 2647 diei
1289 2586 1595 2667 templum.
1682 2585 1805 2647 Sed
1828 2588 2131 2666 equitatus

223 2682 588 2756 Cimbricus,
613 2684 719 2764 qui
745 2685 826 2744 ab
849 2691 1014 2745 recto
1053 2686 1114 2743 in
1151 2682 1462 2744 Romanos
1495 2686 1707 2744 itinere
1738 2683 1817 2744 ad
1852 2682 2129 2744 dextram

219 2778 604 2852 deflectebat,
654 2778 836 2841 duces
873 2780 1117 2861 quidem
1163 2799 1280 2840 non
1329 2779 1564 2852 fefellit,
1616 2778 1821 2840 dolum
1873 2779 2127 2841 hostium

221 2896 352 2936 esse
387 2878 706 2937 sentientes
741 2876 818 2937 ad
851 2874 1430 2939 circumveniendam
1465 2896 1703 2935 suorum
1742 2876 2129 2957 paucitatem.

223 2971 512 3032 Ceterum
533 2972 772 3045 milites,
799 2993 936 3034 cum
961 2982 1180 3034 temere
1207 2992 1246 3033 a
1269 2972 1625 3053 manipulari
1644 2971 1905 3051 quodam
1922 2973 2129 3033 excla-

219 3076 452 3129 matum
488 3077 664 3141 esset,
703 3070 905 3151 fugere
933 3071 1229 3141 Cimbros,
1263 3079 1550 3151 tanquam
1589 3068 1669 3129 ad
1698 3068 2133 3151 persequendos

220 3167 528 3227 concitato
554 3168 742 3247 gradu
770 3167 1216 3229 contenderunt.

304 3268 411 3323 63.
453 3264 554 3324 Ea
575 3284 672 3325 res
699 3266 900 3326 omnia
927 3264 1049 3324 alia
1072 3263 1237 3335 fecit,
1262 3282 1444 3344 quam
1473 3261 1714 3323 Marius
1753 3262 1953 3323 animo
1978 3282 2131 3344 prae-

219 3368 487 3441 ceperat.
573 3358 882 3440 Siquidem
909 3359 1196 3441 impetum
1221 3379 1470 3431 suorum·
1493 3358 1663 3439 sequi
1698 3366 1963 3429 coactus,
1988 3358 2131 3419 dum

219 3456 382 3516 inter
403 3455 730 3516 densissimi
752 3456 1010 3538 pulveris
1030 3476 1070 3516 a
1084 3464 1176 3517 tot
1193 3456 1456 3517 millibus
1474 3456 1799 3517 excitatam
1818 3454 2131 3535 caliginem

221 3554 456 3613 incerto
480 3554 686 3614 itinere
711 3553 918 3626 sertin,
947 3554 1028 3613 ab
1050 3553 1320 3613 hostibus
1341 3553 1641 3613 aberravit
1668 3572 1687 3612 z
1728 3550 1965 3613 eosdem
1993 3553 2133 3613 lios-

217 3661 320 3711 tes
364 3652 424 3710 in
461 3650 544 3718 Q.
583 3650 872 3713 Catulum
913 3651 1264 3732 improvisus
1299 3650 1504 3711 itidem
1541 3668 1822 3710 occursus
1864 3650 2131 3729 impegit.

223 3748 418 3816 Quod
439 3748 582 3831 ipsis
599 3749 820 3821 timori,
841 3756 912 3809 ut
937 3750 998 3807 in
1024 3768 1088 3808 re
1113 3748 1333 3819 subita,
1360 3746 1643 3807 Romano
1668 3746 1729 3805 in
1754 3746 1977 3805 bonum
2002 3764 2137 3805 ces-

219 3848 328 3917 sit,
381 3846 486 3926 qui
527 3845 906 3907 multitudine
947 3845 1200 3906 hostium
1237 3864 1358 3905 non
1395 3841 1829 3913 animadversa,
1874 3840 2134 3922 integros

223 3944 480 4013 animos,
513 3962 706 4023 neque
742 3943 873 4004 ulla
905 3941 1156 4004 terribili
1188 3942 1386 4024 specie
1417 3946 1864 4022 praeoccupatos
1888 3939 1949 3999 in
1975 3956 2133 4021 prae-

221 4039 379 4101 lium
404 4040 712 4102 afferebat.
796 4040 900 4101 Ita
917 4040 1165 4112 factum,
1187 4047 1254 4100 ut
1277 4035 1607 4099 incredibili
1632 4044 1829 4116 strage
1852 4036 2129 4098 minimo-
2153 4043 2299 4096 Oros.
2312 4058 2361 4094 v.
2378 4046 2464 4096 lo·

223 4157 349 4218 que
393 4136 661 4198 Romani
699 4139 993 4199 exercitus
1035 4136 1277 4209 damno,
1320 4135 1414 4197 vis
1449 4134 1562 4195 illa
1597 4132 1999 4206 Cimbrorum,
2040 4142 2134 4196 tot

225 4254 338 4316 per
363 4252 550 4297 annos
573 4234 846 4295 omnibus
869 4234 994 4296 late
1017 4235 1278 4317 imperiis
1301 4232 1693 4314 gentibusque
1726 4228 2131 4303 formidolosa,

231 4340 714 4413 prosterneretur.

311 4434 414 4491 64.
459 4427 732 4509 Equites,
760 4429 822 4491 in
847 4446 998 4513 quos
1019 4428 1244 4513 primus
1281 4446 1493 4511 pugna
1528 4426 1793 4509 impetus·
1822 4422 2131 4496 inciderat,
