3225 5242
763 568 974 617 unm
1029 567 1226 617 Lxx.
1271 568 1614 616 suppum
1633 566 1916 616 aurun.
2296 546 2463 611 4401

233 711 384 791 fuga
405 730 544 771 cum
569 710 690 771 alia
714 710 960 790 indigna
983 710 1170 781 facta,
1201 720 1324 771 tum
1357 708 1450 769 Μ.
1479 709 1788 769 AEmilium
1804 705 2143 789 'principem

231 817 302 868 et
347 817 588 868 senatus
629 816 692 869 et
735 808 996 869 civitatis
1039 806 1240 888 lapide
1275 826 1616 888 percussum
1650 824 1776 865 eme
1812 804 2143 865 constabat.

237 904 608 965 Damnatum
643 904 822 965 fuisse
848 902 1221 985 cepionem,
1256 912 1438 984 atque
1481 905 1542 962 in
1579 920 1874 963 carcerem
1899 900 2143 960 ductum

233 1002 618 1061 consentitur.
705 1000 944 1061 Exinde
985 1000 1209 1082 duplex
1250 999 1415 1061 fama
1448 1008 1576 1060 est:
1615 998 1723 1058 alii
1758 1005 2055 1069 necatum,
2084 1006 2147 1057 et
2202 1000 2315 1055 val.
2332 1002 2473 1053 Max.

234 1118 278 1159 a
295 1098 572 1159 carnifice
599 1099 660 1159 in
689 1098 1016 1159 Gemonias
1039 1118 1193 1159 unco
1219 1107 1474 1159 tractum
1495 1119 1512 1167 3
1555 1096 1661 1156 alii
1690 1105 1991 1157 exemtum
2010 1095 2141 1156 vin·
2168 1073 2360 1181 νζὴὶὶ.
2396 1147 2471 1181 m

233 1194 412 1266 culis,
441 1195 501 1255 in
539 1195 788 1256 exilium
823 1196 998 1255 ivisse
1041 1193 1427 1255 tradiderunt.
1511 1193 1673 1259 Quae
1706 1201 1770 1253 et
1804 1212 1843 1251 a
1876 1190 2145 1273 pluribus
2166 1212 2220 1263 p.
2242 1200 2356 1248 188.

233 1289 554 1360 affirmata,
601 1300 666 1352 et
703 1291 968 1373 alioquin
1015 1292 1377 1373 probabilior
1414 1292 1713 1351 sententia
1746 1297 1857 1360 est,
1897 1296 2143 1349 extante

233 1409 476 1469 quoque
505 1389 840 1450 liberatoris
865 1390 1122 1451 nomine.
1165 1389 1234 1449 L.
1261 1388 1609 1467 Rheginum
1634 1388 1931 1447 tribunum
1952 1386 2146 1467 plebis

233 1484 460 1545 edunt:
521 1496 540 1523 ‘
561 1506 698 1545 eum
741 1487 958 1547 veteris
1008 1487 1287 1547 amicitie
1327 1486 1631 1557 memoria,
1680 1504 1797 1544 non
1842 1492 2143 1544 auctorem
2202 1490 2315 1545 val.
2334 1493 2473 1545 Mu.

231 1582 416 1641 modo
457 1581 767 1653 libertatis,
803 1582 908 1643 sed
939 1582 1120 1642 etiam
1155 1583 1432 1643 comitem
1465 1581 1627 1660 fugae
1657 1580 1879 1641 fuisse?
1961 1577 2143 1641 Certe
2168 1564 2308 1611 ¹'·⁷·

237 1678 338 1740 M.
367 1678 584 1739 Cicero
607 1682 760 1741 inter
783 1680 1062 1762 exempla
1084 1680 1376 1741 clarorum
1399 1679 1681 1748 virorum,
1719 1699 1869 1758 quos
1892 1663 2025 1758 ipse'
2052 1677 2141 1737 vi-

231 1776 390 1837 derit
412 1778 718 1837 civitatem
747 1776 1086 1839 Romanam
1112 1778 1401 1847 amittere,
1439 1776 1524 1842 Q.
1572 1775 1921 1857 Caepionem
1952 1776 2143 1835 nomi-
2202 1785 2311 1836 Cic.
2330 1802 2423 1853 pro

231 1881 364 1945 nat,
389 1873 762 1954 eundemque
791 1873 1062 1956 Smyrnae
1083 1875 1276 1935 civem
1302 1872 1578 1934 effectum
1605 1874 1731 1933 ait:
1760 1872 2141 1955 quemadmo·
2168 1850 2309 1901 3⁸⁰³·
2325 1867 2370 1901 ⁰·
2388 1856 2469 1939 μ’

231 1969 382 2031 dum
409 1971 620 2052 (paulo
645 1980 778 2052 post
795 1972 926 2031 haec
946 1975 1242 2052 tempora)
1271 1970 1352 2031 P.
1383 1969 1712 2031 Rutilium.

317 2072 422 2129 27.
463 2067 576 2127 Bis
597 2068 942 2128 damnatum
973 2088 1098 2128 esse
1127 2067 1473 2148 Caepionem
1501 2068 1669 2143 (nam
1696 2076 1759 2126 et
1780 2067 1985 2127 statim
2012 2076 2145 2147 post
2200 2064 2321 2129 Sup.

233 2162 534 2223 infelicem
568 2184 826 2245 pugnam
851 2174 1060 2225 senatu
1087 2172 1310 2225 motum
1336 2164 1508 2223 bonis
1531 2162 1855 2243 publicatis
1879 2162 2142 2223 ostendi·
2172 2144 2239 2177 ¹⁶¹
2248 2145 2344 2179 ω’
2368 2134 2449 2180 ¹²⁰

231 2263 390 2338 mus)
428 2260 774 2321 incredibile
815 2261 1002 2321 videri
1039 2280 1154 2321 non
1193 2260 1394 2331 debet,
1420 2269 1691 2339 tempora
1714 2259 2061 2339 reipublicae
2082 2268 2145 2319 et
2222 2296 2228 2303 ·

231 2354 427 2434 legem
451 2356 806 2417 Norbanam
843 2378 948 2438 per
969 2358 1094 2417 vim
1120 2357 1306 2417 latam
1341 2357 1789 2437 reputantibus:
1824 2357 2143 2436 praesertim

231 2471 372 2513 cum
397 2451 620 2534 alioqui
655 2473 871 2541 noxsum
903 2472 1020 2513 non
1053 2462 1225 2523 esset,
1265 2453 1516 2513 eundem
1547 2453 1762 2534 saepius
1790 2451 2037 2512 diversis
2064 2472 2142 2512 ex

123 2566 134 2575 ·
230 2550 428 2615 causis
451 2549 744 2621 damnari,
785 2550 946 2631 quod
972 2560 1034 2611 et
1070 2551 1130 2610 in
1157 2548 1234 2611 C.
1263 2550 1499 2610 Catone
1524 2548 1749 2610 factum
1774 2568 1901 2609 esse
1925 2548 2138 2609 docui:
2169 2570 2289 2635 Sup.
2312 2585 2471 2621 um,

231 2652 298 2704 et
321 2655 504 2707 antea
535 2648 614 2707 ob
655 2668 782 2707 rem
821 2647 976 2707 male
1022 2656 1270 2725 gestam,
1309 2665 1467 2706 nunc
1501 2647 1581 2706 ob
1613 2646 1987 2723 sacrilegium
2014 2645 2141 2706 auri
2164 2640 2247 2687 ⁸⁰·

231 2739 516 2802 Tolosani
549 2742 980 2804 condemnatus
1007 2742 1198 2803 videri
1224 2752 1438 2823 potest.
1521 2742 1693 2801 Nam
1718 2751 1780 2802 et
1803 2743 1931 2801 auri
1957 2741 2140 2802 Tolo-

231 2838 366 2897 sani
401 2839 624 2901 mentio
655 2860 844 2920 nuper
883 2840 944 2899 in
979 2838 1230 2920 Apuleii
1263 2840 1564 2899 tribunatu
1601 2847 1767 2898 mota
1806 2838 2037 2899 fuerat:
2082 2848 2145 2899 et

233 2942 252 2968 ‘
273 2934 430 2995 banc
455 2936 626 2996 exilii
657 2956 902 2997 causam
933 2935 1114 2997 fuisse
1147 2934 1420 3016 Caepioni
1441 2936 1460 2963 '
1500 2935 1715 2995 diserte
1732 2936 1751 2963 '
1790 2934 2145 3014 Timagenes
2168 2948 2333 2999 strab.

231 3030 542 3111 prodidit}
581 3052 622 3093 a
655 3052 776 3112 quo
805 3034 988 3094 etiam
1019 3040 1388 3103 annotatum,
1424 3029 1763 3111 divinaeque
1796 3031 2009 3091 ultioni
2049 3052 2143 3091 as-

229 3129 489 3208 criptum
541 3139 654 3198 est,
713 3138 731 3165 ⁶
755 3128 972 3189 liberos
1017 3129 1318 3209 Caepionis
1364 3129 1755 3210 impudicitiae
1798 3128 2144 3189 criminibus

231 3225 486 3287 infames
509 3236 746 3307 turpem
769 3228 908 3287 vitae
933 3229 1162 3287 exitum
1191 3226 1508 3287 habuisse?

315 3328 417 3383 28.
461 3322 750 3401 Ejusdem
775 3323 912 3382 anni
949 3323 1205 3383 comitiis
1243 3342 1323 3382 ex
1363 3323 1550 3382 tribus
1575 3319 1913 3382 candidatis
1930 3340 2141 3382 consu·
2165 3326 2311 3393 Pigh.
2326 3326 2458 3379 Anu.

232 3418 394 3479 latus
435 3419 506 3480 L.
539 3418 845 3479 Domitius-
881 3419 1000 3479 Cn.
1031 3416 1104 3477 F.
1148 3418 1590 3479 Ahenobarbus
1627 3416 1967 3496 designatus
2011 3428 2137 3479 est:

230 3513 484 3573 alterum
511 3513 610 3591 (L.
641 3514 988 3575 Cornelium
1017 3512 1408 3575 Dolabellam
1445 3512 1623 3573 fuisse
1664 3533 1781 3573 non
1806 3514 1973 3573 inani
1996 3534 2139 3575 con-

217 3592 462 3688 jectura
487 3614 726 3690 putant)
751 3610 1050 3669 hominem
1074 3610 1160 3669 ita
1185 3609 1633 3680 nobilissimum,
1660 3618 1729 3670 ut
1752 3618 1950 3671 tamen
1980 3612 2041 3671 in
2067 3631 2141 3671 eo
2166 3605 2385 3719 ἐμοῖο·
2410 3606 2473 3655 de

227 3714 430 3765 cetera
473 3714 820 3766 ornamenta
861 3706 1068 3787 pluris,
1113 3725 1294 3785 quam
1335 3705 1465 3785 ipsa
1509 3705 1791 3765 nobilitas
1830 3716 2006 3776 esset,
2056 3706 2132 3768 C.
2165 3682 2281 3787 0,Θὲ
2279 3679 2317 3723 t.
2336 3686 2472 3721 cm‘

230 3800 460 3863 Coelius
486 3801 718 3862 Caldus
743 3802 922 3862 bomo
947 3821 1159 3873 novus,
1201 3822 1310 3861 nec
1348 3800 1475 3861 ulla
1509 3800 1691 3860 ferme
1732 3822 1797 3861 re
1830 3801 2139 3863 conferen-

229 3897 366 3971 dus,
393 3899 452 3958 in
477 3898 762 3979 petitione
782 3900 1139 3979 superavit!
1221 3898 1296 3961 C.
1325 3898 1504 3977 igitur
1522 3896 1745 3969 coelio,
1773 3898 1844 3957 L.
1870 3898 2143 3960 Domitio
2166 3914 2269 3966 Jul.
2295 3914 2417 3966 Obs.

226 3994 567 4055 consulibus
591 3993 962 4055 novemdiale
996 4014 1228 4055 sacrum
1269 3994 1403 4065 fuit,
1427 3993 1590 4073 quod
1615 3994 1673 4052 in
1712 3993 1943 4055 Volsca
1968 4006 2143 4074 gente

229 4091 529 4175 lapidibus
549 4091 802 4172 pluerat.
889 4088 1062 4150 Idem
1087 4090 1416 4172 prodigium
1441 4110 1476 4149 e
1505 4088 1773 4149 Vestinis
1788 4092 2141 4153 nuntiatum.

293 4290 319 4326 ¹¹
356 4290 638 4354 'limenas
665 4290 908 4355 prodidit]
939 4288 1152 4353 Strabo,
1231 4304 1296 4339 ea
1317 4286 1434 4355 qn‘ae
1470 4296 1718 4353 spectant
1756 4288 1821 4338 ad
1848 4288 1983 4339 filias
2010 4290 2144 4355 ejus.

118 4355 126 4361 '
229 4372 336 4408 non
364 4358 417 4405 in
451 4356 514 4405 iis
535 4371 652 4421 quae
677 4363 931 4407 memorat
947 4355 1014 4404 de
1039 4358 1148 4405 exi·
1228 4355 1340 4405 Tim
1441 4368 1557 4403 nem
1571 4365 1839 4405 auctorem
1850 4356 1977 4405 cist.
2002 4356 2143 4405 cm.

227 4424 310 4473 lio
339 4420 622 4487 Caepionis,
643 4422 736 4473 sed
769 4428 974 4471 tantum
1007 4422 1150 4471 eirca
1175 4471 1194 4487 ,
1294 4419 1326 4448 ·
1413 4454 1428 4469 .
1451 4420 1520 4470 U.
1543 4421 1606 4471 C.
1630 4424 1747 4471 658.
1816 4418 1883 4469 Α.
1906 4420 1971 4473 C.
1990 4422 2075 4471 94.
