3225 5242
875 497 1087 546 unm
1138 495 1327 548 ινιι.
1368 495 2022 550 surranum-rum.
2137 433 2156 456 ‘
2396 482 2572 554 4095

330 641 480 707 rium
522 657 757 702 amnem
781 639 1127 714 colentium,
1156 640 1473 706 Laconicis
1502 642 1784 704 institutis
1823 643 2024 705 vivere
2058 641 2240 704 tradi-
2265 641 2424 692 Stnb.
2449 659 2537 696 m.

326 739 563 800 derunt.
658 737 1003 819 Utcumque
1047 738 1183 812 fuit,
1226 749 1453 802 certum
1499 740 1772 814 habetur,
1813 739 2042 802 vallum
2081 741 2244 804 circa
2265 738 2480 806 Appiam.

326 836 539 899 urbem
576 835 823 896 ductum
862 855 989 896 eaae
1034 856 1215 916 supra
1256 857 1362 899 sex
1403 837 1596 898 millia
1635 857 1913 918 passuum
1949 839 2010 898 in
2036 839 2241 903 orbem
2295 859 2304 868 ·

322 941 560 1012 patens.
641 931 719 994 In
754 935 887 1013 ejus
926 933 1263 1015 praeaidium
1302 936 1527 1016 copias,
1556 933 1841 1017 praedicto
1864 937 2078 1016 cuique
2106 935 2243 998 loco

262 1053 269 1058 ·
322 1049 505 1108 quem
554 1029 921 1102 defenderet,
972 1029 1271 1092 distribuit
1322 1032 1660 1112 imperator,
1714 1033 1898 1112 jussis
1949 1031 2240 1094 extollere
2284 1074 2291 1085 -

320 1126 577 1204 signum,
620 1127 725 1208 qui
770 1127 971 1188 hostili
1014 1129 1245 1189 incursu
1292 1138 1710 1209 premerentur,
1735 1127 1990 1190 interdiu
2018 1142 2236 1210 purpu-

320 1243 483 1282 ream
524 1223 903 1306 chlamydem
936 1225 998 1284 in
1044 1225 1218 1286 hasta
1262 1225 1465 1304 longa,
1502 1235 1682 1286 noctu
1710 1226 1944 1305 ignem:
1989 1235 2058 1286 ut
2083 1224 2234 1306 ipse,

316 1319 581 1389 frater-ve
611 1321 859 1395 Fabius,
886 1332 955 1383 ut
986 1324 1202 1406 cuique
1234 1325 1558 1406 proximius
1596 1333 1776 1396 emet,
1817 1323 1896 1386 ad
1933 1325 2235 1406 suppetias

318 1415 595 1479 ferendas
617 1429 1006 1482 accurrerent.

398 1521 503 1576 26.
547 1515 643 1576 Ut
664 1536 805 1576 vero
840 1514 1175 1579 confectum
1208 1515 1323 1576 hoc
1358 1535 1507 1597 opus
1530 1525 1642 1586 eat,
1669 1524 1734 1576 et
1755 1525 2124 1596 erumpentes
2150 1517 2228 1579 ad

316 1610 757 1692 impediendum
786 1612 983 1673 boatea
1008 1631 1373 1674 summovere
1399 1611 1579 1674 facile
1612 1610 1760 1682 fuit,
1745 1631 1760 1648 ·
1805 1611 1987 1673 aliam
2011 1611 2228 1676 fossam

292 1707 551 1772 *modico
584 1727 625 1769 a
662 1709 843 1790 priori
868 1707 1183 1770 intervallo
1220 1708 1452 1780 effodit,
1490 1708 1676 1770 latam
1701 1705 1886 1789 pedes
1908 1708 2138 1780 decem.
2164 1721 2228 1772 et
2250 1717 2394 1770 Oros.

313 1802 403 1864 bis
426 1804 677 1866 totidem
702 1804 1037 1878 altitudine,
1063 1825 1245 1886 quarn
1262 1803 1525 1886 undique
1546 1803 1801 1872 sudibus
1817 1807 2222 1886 praemunivit·
2247 1815 2462 1884 Appium.

309 1909 374 1961 et
406 1909 545 1982 post
568 1923 699 1964 eam
732 1904 1027 1964 exstruxit
1045 1921 1275 1965 murum
1298 1909 1436 1964 octo
1460 1900 1642 1983 pedes
1667 1899 1880 1972 latum,
1905 1900 2096 1963 altum
2118 1901 2222 1964 de-

306 2017 463 2070 cern,
490 1999 551 2058 in
576 2000 865 2060 rationem
888 2019 1007 2060 non
1032 1998 1305 2060 veniente
1326 1999 1637 2080 pinnarum
1662 1997 1921 2076 fastigio.
2003 1997 2222 2062 Totum

306 2095 467 2183 bunc
506 2095 794 2156 ambitum
826 2104 1015 2170 turrea
1040 2093 1502 2174 distinguebant,
1528 2093 1722 2176 spatio
1746 2101 1988 2154 centum
2011 2097 2222 2175 viginti

256 2195 273 2214 '
304 2191 525 2272 pedum
548 2191 700 2252 inter
724 2192 1024 2274 proximas
1046 2212 1315 2272 quasque
1340 2190 1567 2252 relicto.
1655 2190 1800 2258 Qua
1824 2209 1966 2250 vero
1993 2211 2221 2252 murum

304 2287 447 2351 duci
488 2287 663 2368 palus
696 2288 935 2368 objecta
966 2307 1083 2348 non
1114 2288 1471 2370 patiebatur,
1500 2285 1684 2346 moles
1713 2287 1886 2364 jacta
1911 2295 2024 2358 est,
2049 2288 2223 2366 cujus

302 2385 435 2465 pari
461 2384 782 2446 altitudine
806 2385 1185 2465 crassitieque
1204 2405 1406 2444 murus
1423 2383 1910 2444 committeretur.
1971 2383 2068 2442 Ea
2092 2391 2222 2446 tum

302 2481 459 2542 ratio
496 2479 645 2541 belli
688 2480 983 2542 Africano
1020 2481 1156 2553 fuit,
1200 2480 1307 2562 qui
1344 2481 1564 2564 primus
1606 2477 1892 2550 omnium,
1930 2487 2219 2560 quantum

300 2578 537 2651 animm,
578 2579 785 2639 urbem
820 2596 955 2658 quae
986 2597 1245 2660 pugnam
1284 2579 1524 2638 minime
1554 2576 1916 2638 detrectaret
1941 2576 2219 2658 operibus

302 2674 615 2755 amplexus
638 2683 747 2734 est.
1689 2715 1700 2726 ·

380 2777 483 2834 27.
530 2770 655 2832 His
680 2773 767 2831 ita
794 2770 1069 2851 perfectis
1092 2790 1231 2832 cum
1268 2791 1376 2832 nec
1411 2770 1601 2830 emitti
1632 2770 1878 2852 oppido,
1905 2789 2096 2851 neque
2123 2791 2215 2831 re-

300 2868 417 2948 cipi
443 2869 701 2928 teri-astri
728 2869 935 2928 itinere
961 2867 1279 2948 quicquam
1316 2875 1545 2948 possen
1590 2876 1788 2928 tamen
1829 2866 2055 2928 Durius
2087 2887 2214 2926 am·

298 2965 411 3035 nis,
464 2964 571 3044 qui
614 2985 717 3046 per
768 2965 1134 3026 munimenta
1178 2963 1511 3035 labebatur,
1558 2963 1754 3024 adhue
1800 2965 1960 3024 viam
2000 2962 2211 3034 dabat,

298 3069 503 3122 natatu
530 3070 635 3121 aut
656 3060 887 3140 exig-uis
911 3060 1147 3141 scaphis
1170 3061 1373 3121 urbem
1400 3061 1772 3142 petentibua;
1817 3067 2207 3141 poterantque

298 3177 429 3216 cum
472 3167 805 3218 commeatu
850 3164 914 3216 et
950 3156 1382 3250 supplemento,
1430 3165 1535 3217 aut
1580 3154 1760 3217 flante
1810 3163 1990 3216 vento
2034 3154 2206 3228 velis,

298 3263 401 3314 aut
452 3262 707 3335 ponente
768 3253 947 3314 remis
1004 3253 1265 3314 secundo
1322 3230 1563 3313 'flumine
1628 3271 2034 3334 perrumpere:
2097 3271 2208 3314 nec

286 3351 461 3430 jungi
504 3359 679 3459 ponte
722 3347 880 3410 latus
918 3358 982 3409 et
1024 3369 1285 3430 praeceps
1319 3350 1509 3410 amnis
1545 3357 1792 3430 poterat.
1878 3346 2098 3428 Itaque
2124 3347 2204 3410 ad

296 3445 457 3506 aliud
514 3446 813 3526 ingenium
862 3464 1179 3508 convenius
1217 3446 1557 3527 imperator,
1609 3445 1690 3504 ab
1741 3452 1989 3524 utraque
2035 3457 2204 3526 parte

295 3542 457 3604 fluvii
497 3542 730 3622 singula
776 3541 1028 3626 castella
1066 3541 1438 3606 exaedificat:
1496 3543 1577 3604 ab
1621 3542 1712 3602 hia
1751 3542 1950 3602 trabea
1992 3541 2203 3622 longas

292 3640 533 3702 funibus
574 3639 901 3702 firmissime
941 3641 1175 3702 vinctas
1214 3640 1273 3702 in
1318 3659 1551 3702 amnem
1591 3640 1683 3701 ita
1719 3638 1986 3721 porrigit,
2031 3649 2096 3699 ut
2138 3640 2199 3702 in

292 3738 489 3800 medio
519 3740 869 3818 jungantur.
970 3738 1167 3800 Porro
1210 3737 1271 3798 in
1322 3738 1397 3798 iis
1438 3737 1709 3798 trabibus
1744 3736 1979 3797 crebras
2012 3736 2199 3797 falces

292 3845 467 3916 atque
494 3855 800 3896 mucrones
823 3833 1061 3896 fixerat.
1144 3834 1251 3896 Ita
1293 3833 1479 3896 fiebat
1514 3844 1580 3894 ut
1613 3853 1788 3894 cursu
1820 3831 2074 3892 fluminis
2098 3853 2192 3893 ro-

290 3941 427 3996 tatae
470 3933 707 3994 assiduo
747 3933 969 4004 trabes,
1014 3953 1207 4013 neque
1246 3930 1582 4014 navigando
1612 3948 1973 4011 quenquam,
2000 3948 2192 4008 neque

290 4031 484 4092 nando
534 4031 803 4103 transire,
854 4051 1045 4112 neque
1106 4030 1394 4092 urinando
1452 4026 1782 4090 subterlabi
1830 4035 2191 4108 paterentur.

290 4129 496 4210 Atque
538 4128 599 4188 id
646 4130 905 4188 maxime
958 4127 1237 4187 studebat
1290 4126 1517 4208 Scipio,
1565 4122 1916 4186 omnimodis
1957 4123 2190 4204 ignaros

288 4235 629 4288 cunctorum
674 4244 810 4306 quae
860 4224 1122 4286 exterius
1170 4234 1503 4304 gererentur
1548 4233 1748 4284 tenere
1792 4222 2012 4294 hostes,
2064 4241 2186 4301 quo

288 4341 397 4382 non
438 4320 619 4382 modo
653 4329 981 4383 commeatu
1018 4322 1199 4394 omni,
1238 4339 1441 4384 verum
1476 4321 1658 4382 etiam
1697 4316 1939 4382 consilio
1973 4316 2182 4380 exclu-

285 4417 573 4496 detentur.
