3225 5242
706 520 913 607 unni
966 558 1251 609 nxvnr.
1297 557 1954 643 surrnnunnruu.
2307 542 2480 609 43⁴1

141 705 157 712 ‘
236 698 411 761 Nam
434 710 501 761 et
530 698 729 761 hostes
754 702 1035 782 bipartito
1070 700 1305 781 agmine
1342 702 1589 763 Italiam
1631 712 1831 784 petere
1865 704 2150 765 diceban-

232 808 355 859 tur.
440 798 673 861 Cimbri
699 818 805 880 per
838 798 1119 871 Noricos,
1156 799 1411 861 Teutoni
1448 820 1555 886 per
1593 792 1900 881 Liguriam
1922 803 2150 881 eogita-

238 894 395 956 bant
416 896 758 978 irrumpere.

321 998 383 1053 3.
428 992 625 1071 Igitur
658 994 928 1076 propiore
973 996 1033 1055 in
1079 994 1208 1056 dies
1250 994 1610 1068 discrimine,
1651 996 1796 1077 quia
1832 994 2152 1056 Gallorum
2237 1056 2254 1071 ‚

236 1088 415 1149 multi
434 1089 635 1172 palam
660 1092 903 1152 hostilia
924 1093 1253 1171 agitabant,
1280 1113 1473 1174 neque
1500 1092 1818 1173 Liguribus
1841 1094 1922 1157 ob
1941 1094 2151 1155 levita·

234 1196 363 1247 tem
389 1187 750 1267 ingeniorum
774 1188 1163 1259 credebatur3
1196 1188 1452 1263 Marius,
1479 1209 1601 1270 quo
1625 1192 1844 1251 certius
1875 1189 2150 1272 explora·
2177 1200 2342 1251 Front.
2367 1218 2404 1253 1.
2427 1206 2477 1253 2.

236 1292 335 1345 ret
356 1273 603 1357 animos,
630 1287 745 1347 hoc
780 1296 1116 1347 commento
1150 1308 1291 1347 usus
1322 1296 1432 1347 est.
1518 1286 1752 1349 Literas
1775 1289 2001 1349 eireum
2025 1306 2152 1347 sus-

238 1390 447 1461 pectos
486 1383 741 1463 populos
778 1384 959 1455 misit,
998 1385 1217 1466 quibus
1258 1384 1497 1465 apertis,
1538 1386 1788 1445 vetabat
1827 1385 2151 1455 interiores,

240 1496 379 1556 quae
403 1480 640 1538 seorsim
666 1479 865 1558 sigillo
900 1479 1123 1541 olausoe
1152 1490 1345 1552 erant,
1384 1489 1523 1541 ante
1556 1490 1782 1542 certam
1806 1480 1966 1542 diem
1991 1480 2110 1560 legi
2133 1501 2148 1541 z

236 1573 483 1644 deinde,
510 1576 851 1657 priusquam
878 1598 953 1638 ea
976 1577 1104 1637 dies
1126 1570 1405 1650 venisset,
1432 1578 1656 1638 tabulis
1679 1578 1961 1659 repetitis,
1987 1598 2092 1639 eos
2115 1598 2156 1639 a

238 1672 461 1751 quibus
496 1681 633 1733 ante
666 1673 1015 1755 praedictum
1048 1684 1283 1756 tempus
1320 1676 1632 1755 resignatae
1665 1676 1921 1747 fuerant,
1944 1675 2151 1739 baud-

238 1789 545 1851 quaquam
568 1772 891 1831 constantis
918 1772 975 1831 in
1004 1771 1290 1833 societate
1316 1771 1460 1833 fidei
1484 1792 1613 1833 esse
1637 1773 1937 1852 cognovit.

324 1856 397 1925 4:
430 1864 655 1925 Castris
680 1865 895 1927 deinde
926 1868 1101 1928 motis
1140 1867 1221 1928 ad
1258 1867 1445 1929 Isarae
1481 1867 1892 1949 Rhodanique
1925 1866 2152 1929 conflu·
2177 1866 2319 1915 0¹²⁰·-
2333 1880 2382 1915 v.
2397 1870 2476 1917 ¹⁶·

241 1970 413 2021 entes
436 1982 572 2022 eum
600 1964 979 2043 pervenisset,
1014 1964 1325 2047 locumque
1350 1964 1581 2025 stativis
1604 1964 1882 2027 idoneum
1909 1963 2151 2045 judiea-
2174 1962 2308 2015 ΡΜ·

240 2066 359 2129 ret,
408 2056 721 2137 diligenter
758 2060 1235 2123 circummunivit
1282 2080 1441 2131 eum,
1488 2080 1824 2141 magnaque
1857 2079 2152 2121 eommea-

242 2160 415 2215 tuum
436 2156 617 2236 eopia
638 2154 925 2237 replevit:
972 2177 1049 2216 ne
1082 2176 1277 2217 rerum
1310 2156 1463 2217 forte
1492 2157 1884 2217 necessarium
1909 2155 2157 2237 penuria

241 2260 457 2313 contra
494 2250 869 2313 commodum
894 2272 1064 2313 suum
1090 2272 1353 2334 pugnare
1374 2262 1700 2333 cogeretur.
1785 2250 1973 2320 Quod
1997 2252 2154 2313 enim

244 2346 419 2407 multi
442 2350 761 2429 magnique
787 2350 867 2409 ab
896 2349 989 2409 bis
1013 2349 1250 2430 populis
1272 2350 1571 2412 exereitus
1592 2347 1733 2411 (καί
1757 2348 2010 2427 fuerant,
2035 2368 2152 2411 non
2177 2342 2306 2393 Ποῖ·
2325 2358 2415 2393 ¹¹¹·
2429 2347 2480 2393 ⁸·
2526 2352 2536 2361 ”

246 2445 412 2525 prius
434 2444 696 2506 audebat
719 2445 779 2505 in
806 2444 997 2506 aciem
1020 2444 1400 2518 descendere,
1426 2465 1605 2527 quam
1623 2444 2004 2507 eonfirmatos
2020 2466 2154 2507 suo-
2178 2439 2222 2489 Ρ
2223 2440 2312 2491 lut.

248 2560 379 2603 rum
431 2541 656 2601 animos
698 2540 1071 2603 assuetudine
1125 2540 1372 2603 videndi
1426 2540 1822 2623 audiendique
1865 2542 2157 2603 terribiles

246 2637 505 2699 bofflum
556 2638 757 2699 vultus
806 2638 1199 2720 strepitusque
1244 2636 1626 2718 intelligeret.
1719 2637 1963 2699 Interea
2007 2638 2156 2699 nibil

250 2735 651 2816 praetermittit
688 2754 929 2797 summae
956 2735 1319 2816 diligentiae.
1302 2756 1319 2771 ·
1364 2734 1613 2797 militem
1654 2733 1924 2826 alloquio
1961 2736 2154 2815 erigit,

248 2840 491 2892 exercet
515 2832 713 2904 armis,
734 2832 911 2893 durat
926 2852 1126 2915 opere,
1148 2832 1319 2895 simul
1334 2833 1702 2895 subvectioni
1718 2842 2154 2894 commeatuum

247 2928 583 2999 consulens,
634 2948 815 3009 quam
868 2929 989 2990 late
1038 2932 1541 3009 circumstagnans
1580 2928 1870 2990 Rhodani
1913 2929 2153 2999 ostium,
2208 2934 2394 2985 Straba

248 3023 497 3105 repletis
520 3044 700 3085 arena
724 3025 963 3105 altoque
990 3024 1132 3085 limo
1156 3026 1462 3097 oestuariis,
1492 3026 1852 3087 morabatur.
1921 3024 2156 3085 Ideireo
2180 3017 2228 3066 Ρ·
2247 3004 2360 3052 ¹⁸³·

253 3120 491 3181 Marius
514 3124 810 3202 egregium
838 3122 1081 3184 molitus
1106 3142 1276 3204 opus,
1302 3124 1381 3183 ab
1397 3121 1569 3184 alveo
1584 3121 1844 3184 fluminis
1869 3120 1948 3183 ad
1969 3140 2154 3193 mare,
2179 3130 2312 3180 Plut-

248 3238 376 3298 qua
398 3220 547 3279 situs
580 3218 963 3291 commodior,
1000 3240 1110 3281 nee
1146 3228 1271 3281 tam
1306 3230 1591 3281 vexatum
1629 3228 1776 3280 aestu
1815 3219 1981 3280 littus
2003 3227 2156 3289 erat,

251 3314 479 3395 ingenti
528 3316 683 3379 fossa
720 3317 924 3389 dueta,
968 3319 1250 3397 majorem
1288 3316 1578 3378 Rhodani
1621 3324 1848 3399 partem
1893 3316 2157 3387 immisit,
2213 3312 2388 3379 Pomp·

250 3412 439 3473 etiam
479 3414 801 3493 grandibus
833 3414 1093 3475 ferendis
1125 3414 1375 3476 navibus
1414 3414 1605 3476 habili
1640 3413 1833 3476 alveo.
2180 3378 2379 3443 Mel-,1
2383 3382 2484 3430 ¹⁶⁰

338 3515 399 3571 ὅ.
462 3510 585 3573 Sed
624 3514 759 3593 jam
814 3512 1216 3585 Cimbrorum,
1267 3511 1706 3592 Tigurinorum,
1757 3510 2154 3590 Tugenorum,
2179 3508 2322 3558 ΟΜ·
2329 3507 2486 3585 strab.

248 3604 678 3682 Teutonorum,
728 3610 1221 3690 Ambronumque
1270 3610 1557 3669 immensa
1604 3610 1846 3688 agmina
1888 3607 2157 3676 aderant,
2179 3606 2312 3657 Plut.

252 3712 487 3765 mutato
512 3705 705 3786 priore
732 3706 979 3769 oonsilio
1003 3708 1231 3786 junctis
1252 3706 1477 3768 viribus
1502 3706 1936 3774 ineedentium,
1918 3725 1936 3742 ·
1967 3704 2160 3763 tmeia

254 3802 389 3861 visu
414 3821 685 3885 corpora,
710 3803 975 3865 horrendi
1004 3804 1292 3876 fremitus,
1328 3804 1532 3865 omnia
1562 3803 1746 3865 etiam
1780 3802 1984 3883 peritis
2009 3800 2160 3861 alias

258 3898 489 3961 militiae
523 3920 677 3961 nova
700 3910 765 3961 et
784 3902 1029 3963 atrocia.
1113 3900 1255 3963 Nee
1280 3900 1545 3962 faciebat
1568 3898 1872 3981 pugnandi
1900 3905 2156 3980 potesta·
2213 3900 2436 4013 P‘flyoeg·

256 4007 383 4057 tem
412 3996 663 4069 Marius,
700 3998 807 4059 sed
839 3998 1124 4060 evastatis
1158 4000 1323 4059 eirea
1362 3998 1659 4070 omnibus,
1694 3997 1874 4058 etiam
1909 3994 2044 4056 ad
2027 4014 2158 4077 ipsa
2180 3966 2449 4081 {zatum

256 4102 458 4153 castr-a
481 4093 754 4155 ferociter
788 4094 1111 4179 assultante
1145 4097 1334 4167 hoste,
1378 4104 1579 4157 tamen
1610 4094 1956 4158 continebat
1978 4112 2154 4155 suos.

258 4190 673 4251 tantummodo
706 4212 809 4272 per
837 4192 997 4253 vices
1030 4194 1356 4254 mittebat
1340 4214 1401 4254 m
1433 4192 1686 4273 vallum,
1727 4201 1798 4252 ut
1827 4211 1930 4251 eos
1951 4191 2158 4253 oeulo-

260 4307 393 4349 rum
433 4288 776 4370 auriumque
816 4298 1065 4351 terrores
1107 4292 1235 4373 pati
1274 4290 1602 4351 discerent:
1647 4308 1865 4369 gnarus
1903 4289 2160 4347 insuetos

260 4386 493 4457 borum,
513 4386 563 4446 si
594 4386 791 4447 subito
828 4387 1229 4460 offundantur,
1268 4387 1586 4469 plurimum
1622 4385 1902 4469 percelli;
1947 4384 2156 4445 eadem

262 4481 428 4563 apud
450 4494 725 4564 expertos
750 4506 974 4567 usuque
992 4487 1215 4566 ‘peritos
1237 4486 1537 4549 vilescere.
