3225 5242
767 527 945 592 4274

841 969 1005 1019 Front.

774 1034 922 1087 Strat.
941 1049 1015 1084 ιν.
1032 1038 1080 1087 Ι.

776 1103 980 1229 Iibuop.

780 1659 920 1710 Oros.
938 1674 989 1709 v.
1001 1660 1082 1708 1⁵.

782 1950 904 2001 Sall.

1736 544 1805 590 Τ.
1854 542 2043 592 mvn

1099 686 1188 747 cis
1223 686 1496 747 omnibus
1531 684 1774 747 sedulus
1812 695 1876 747 et
1919 684 2193 765 frequens
2235 692 2437 745 custos
2474 682 2730 753 adesset,
2778 679 2999 765 pudore

1099 784 1334 863 coegit:
1363 793 1426 845 et
1449 794 1516 845 ut
1539 804 1745 845 omnes
1768 783 2191 862 intelligerent,
2216 802 2333 843 non
2360 781 2497 863 plus
2522 800 2561 841 a
2580 779 2871 841 militibus
2894 800 2998 839 ex-

1101 883 1260 961 igere
1295 884 1730 963 imperatorem,
1754 902 1933 962 quam
1958 883 2019 941 in
2054 901 2117 941 se
2150 900 2405 960 suosque
2434 886 2742 949 statueret,
2770 876 3000 937 adoles-

1101 988 1333 1040 centem
1373 977 1586 1050 filium,
1630 998 1767 1039 cum
1807 977 2131 1039 secundum
2167 978 2329 1056 leges
2372 977 2433 1037 in
2471 976 2866 1036 contubernio
2900 996 3005 1036 suo

1102 1077 1320 1139 habere
1346 1085 1565 1159 posset,
1603 1076 1665 1135 in
1709 1075 1914 1136 ordine
1956 1076 2164 1137 mereri
2192 1074 2453 1135 maluit·
2511 1073 2636 1133 His
2681 1074 3007 1133 rationibus

1101 1173 1380 1235 effectum
1404 1183 1516 1245 est,
1544 1182 1615 1234 ut
1638 1194 1833 1254 neque
1856 1182 2165 1235 cruentum
2188 1171 2417 1252 aliquid
2437 1172 2498 1231 in
2524 1170 2743 1231 milites
2762 1169 3004 1242 faceret,

1102 1280 1166 1332 et
1187 1280 1387 1331 tamen
1413 1272 1764 1344 exercitum,
1792 1280 2077 1352 tanquam
2096 1269 2384 1332 miraculo
2400 1269 2727 1331 immutatis
2746 1270 3006 1330 moribus

1101 1377 1166 1429 et
1190 1369 1422 1440 animis,
1449 1369 1618 1431 brevi
1642 1368 2037 1431 confirmaret.

1185 1472 1246 1526 3.
1286 1464 1585 1553 Jugurtha
1628 1467 1801 1527 rebus
1840 1467 1935 1525 his
1974 1463 2191 1526 auditis
2234 1464 2297 1525 in
2336 1484 2553 1543 magno
2586 1472 2807 1525 terrore
2844 1470 3005 1523 erat:

1104 1582 1425 1643 verumque
1462 1561 1790 1643 aliquando
1825 1557 2063 1633 ducem,
2100 1560 2257 1623 ferro
2294 1562 2513 1642 pariter
2545 1578 2620 1621 ac
2648 1550 2795 1619 auro
2822 1559 3009 1621 invic-

1105 1668 1253 1731 tum,
1293 1660 1520 1719 venisse
1567 1658 1961 1739 intelligebat.
2044 1656 2215 1719 Nam
2259 1657 2337 1717 de
2377 1656 2695 1738 disciplina
2738 1656 2869 1717 viri'
2895 1656 3007 1717 fre-

1107 1764 1356 1835 quentes
1387 1755 1723 1836 accipiebat
1764 1755 2037 1824 nuntios;
2083 1755 2480 1834 integritatem
2514 1754 2662 1835 ipse,
2706 1773 2845 1814 cum
2880 1752 3011 1813 Ro-

1107 1870 1222 1911 mae
1246 1850 1473 1921 fuisset,
1497 1862 1875 1929 cognoverat.
1958 1850 2154 1931 Igitur
2169 1870 2283 1911 non
2292 1852 2427 1930 jam
2452 1871 2557 1931 per
2578 1850 3012 1911 simulationem

1107 1948 1338 2027 legatos
1359 1947 1436 2008 de
1461 1947 1765 2008 deditione
1790 1948 2007 2009 mittit:
2047 1957 2066 1984 ‘
2088 1948 2141 2007 si
2174 1948 2303 2009 vita
2331 1948 2448 2008 sibi
2477 1947 2795 2027 liberisque
2819 1945 3013 2019 denir,

1109 2053 1310 2105 cetera
1329 2045 1391 2103 in
1417 2052 1770 2125 potestatem
1796 2044 2000 2126 populi
2028 2044 2294 2105 Romani
2318 2043 2553 2105 tradere
2576 2044 2896 2125 paratum.'

1072 2148 1077 2155 '
1189 2148 1253 2201 4.
1295 2139 1444 2201 Non
1468 2149 1600 2201 erat
1633 2142 1837 2219 ignota
1874 2140 2136 2202 Metello
2163 2139 2623 2201 Numidicorum
2648 2140 3013 2219 ingeniorum

785 2245 911 2295 Plor.
926 2259 1013 2293 111.
1037 2247 1086 2293 1.

821 2343 989 2393 Front.

786 2411 934 2459 strat.
952 2424 992 2457 ι.
1007 2412 1058 2458 8.

787 2474 906 2523 Sall.

1110 2237 1428 2298 mobilitas.
1502 2237 1698 2316 Igitur
1720 2236 1999 2299 adversus
2018 2237 2314 2297 hominem
2329 2238 2601 2299 dolosum
2618 2236 2775 2297 dolis
2788 2236 2879 2297 uti
2898 2256 3013 2299 non

1111 2334 1466 2395 dedecorum
1493 2334 1857 2406 existimans,
1888 2321 2117 2413 legatos
2142 2334 2325 2395 alium
2350 2334 2471 2394 alio
2495 2334 2631 2395 loco
2656 2354 2729 2394 ac
2754 2343 3017 2414 tempore

1112 2441 1321 2493 tentat.
1408 2430 1538 2491 Ubi
1583 2430 1924 2512 patefacere
1972 2422 2332 2512 corruptioni
2374 2431 2603 2493 animos
2650 2430 2844 2504 videt,
2887 2452 3019 2513 pro·

1112 2528 1304 2588 missis
1343 2536 1586 2588 onerat:
1635 2536 1718 2599 et,
1757 2535 1823 2587 ut
1866 2548 2064 2606 regem
2096 2529 2297 2589 vivum
2338 2528 2621 2599 maxime,
2662 2536 2770 2588 aut
2810 2527 3017 2589 saltem

1111 2634 1408 2685 mortuum
1449 2624 1711 2695 tradant,
1749 2624 2088 2705 paciscitur.
2172 2623 2329 2684 Alia
2366 2622 2582 2684 deinde
2623 2644 2729 2705 pro
2768 2624 3019 2685 consilio

1115 2720 1440 2782 nuntianda
1479 2722 1604 2800 regi
1644 2741 1781 2781 cum
1818 2719 2174 2794 mandasset,
2215 2720 2491 2781 homines·
2503 2721 2790 2783 dimittit:
2818 2721 3019 2803 paucis

1116 2828 1248 2899 post
1271 2816 1482 2877 diebus
1507 2818 1632 2902 ipse
1658 2837 1793 2877 cum
1818 2818 2083 2880 exercitu
2108 2818 2452 2899 insequitur.

1197 2922 1257 2975 ὃ.
1301 2912 1379 2973 In
1420 2912 1775 2974 Numidiam
1802 2934 1939 2975 cum
1964 2922 2117 2975 esset
2140 2923 2403 2987 rentum,
2430 2915 2633 2975 omnia
2656 2915 2717 2973 in
2742 2915 2911 2996 pacis
2932 2913 3019 2973 fa-

1114 3010 1264 3083 ciem
1287 3011 1612 3091 composita
1636 3019 2050 3092 apparuerunt.
2134 3011 2476 3071 Prodibant
2499 3012 2740 3071 obviam
2760 3010 3021 3093 praefecti
3149 2993 3153 2997 ¹

1116 3109 1283 3187 regii,
1326 3107 1679 3168 frumentum
1721 3108 2099 3170 advehebant
2140 3119 2319 3192 atque
2354 3120 2772 3180 commeatum,
2824 3112 3025 3171 omnia

1119 3226 1252 3286 quae
1294 3205 1635 3287 imperasset
1680 3205 1942 3267 facturos
1976 3227 2101 3267 esse
2134 3205 2585 3269 confirmabant.
2665 3206 2867 3267 Tanto
2892 3227 3021 3287 pro-

1119 3301 1414 3362 videntius
1435 3302 1823 3362 incedendum
1850 3303 1963 3363 sibi
1987 3303 2193 3364 consul
2218 3305 2495 3364 rebatur:
2518 3324 2629 3364 nec
2646 3305 2830 3376 enim,
2845 3324 3023 3384 quam

1121 3416 1258 3457 cum
1285 3398 1404 3457 acri
1431 3407 1493 3458 et
1515 3397 1739 3460 callido
1764 3399 1933 3460 hoste
1955 3401 2255 3479 negotium
2272 3410 2450 3474 esset,
2470 3392 2791 3460 nesciebat.
2835 3400 3029 3479 Igitur

1121 3498 1259 3554 cu'm
1280 3493 1576 3573 expeditis
1598 3495 1962 3569 cohortibus,
1991 3498 2471 3578 funditorumque
2494 3506 2556 3559 et
2588 3498 3026 3577 sagittariorum

1122 3588 1371 3649 delectis
1411 3590 1535 3670 ipse
1579 3589 1841 3653 ducebat
1881 3612 2133 3671 agmen3
2187 3593 2263 3655 C.
2309 3595 2542 3655 Marius
2578 3615 2715 3655 cnm
2760 3596 3027 3676 equitatu

1125 3686 1480 3747 claudebat:
1510 3686 1701 3749 latera
1731 3690 1951 3750 tribuni
1964 3690 2281 3771 -legionum
2304 3702 2369 3753 et
2394 3691 2657 3773 praefecti
2674 3692 3024 3763 cohortium,

1124 3780 1262 3847 cum
1301 3786 1631 3847 auxiliariis
1674 3788 1969 3868 equitibus
2004 3790 2459 3871 intermixtoque
2492 3790 2739 3851 velitum
2764 3812 3027 3863 numero,

1127 3884 1507 3943 tutabantur:
1535 3892 1602 3943 ut
1628 3880 1904 3945 adversus
1930 3885 2233 3947 Numidas
2257 3888 2507 3967 equites,
2542 3886 2726 3949 velox
2753 3889 2835 3949 ad
2862 3890 3025 3950 inva-

1127 3978 1384 4039 dendum
1423 3978 1964 4065 ‘refugiendumque
2010 4002 2216 4061 genus,
2264 3982 2678 4064 undecumque
2724 3986 3026 4065 apparuis-

1127 4084 1279 4146 sent,
1321 4084 1532 4156 parata
1567 4097 1639 4138 ac
1665 4076 1951 4158 disposita
1974 4100 2185 4140 manus
2208 4090 2380 4139 esset.
2465 4078 2707 4141 Interea
2733 4080 3027 4153 Vaccam,

1127 4171 1466 4252 opulentam
1492 4172 1622 4233 foro
1648 4194 1839 4235 rerum
1864 4175 2167 4236 venalium
2192 4178 2419 4246 urbem,
2446 4176 2718 4257 praesidio
2738 4176 3025 4259 occupat:

1125 4267 1301 4327 simul
1347 4269 1693 4348 patientiam
1747 4271 1937 4350 gentis
1988 4272 2329 4353 explorans,
2380 4272 2553 4333 simul
2592 4276 3027 4355 opportunitate

1129 4362 1246 4425 loci
1273 4365 1558 4427 invitante
1583 4386 1597 4426 :
1628 4366 1800 4427 multi
1835 4369 1993 4429 enim
2028 4369 2114 4430 ibi
2140 4370 2321 4431 etiam
2350 4368 2553 4431 Italici
2586 4372 2818 4451 generis
2840 4370 3023 4431 homi-
