<?xml version="1.0" encoding="UTF-8"?>
<!DOCTYPE html PUBLIC "-//W3C//DTD XHTML 1.0 Transitional//EN"
    "http://www.w3.org/TR/xhtml1/DTD/xhtml1-transitional.dtd">
<html xmlns="http://www.w3.org/1999/xhtml" xml:lang="en" lang="en">
 <head>
  <title>
</title>
<meta http-equiv="Content-Type" content="text/html;charset=utf-8" />
  <meta name='ocr-system' content='tesseract 3.04.00' />
  <meta name='ocr-capabilities' content='ocr_page ocr_carea ocr_par ocr_line ocrx_word'/>
</head>
<body>
  <div class='ocr_page' id='page_1' title='image "./tliviipatavinih36unkngoog_0152.png"; bbox 0 0 3225 5242; ppageno 0'>
   <div class='ocr_carea' id='block_1_1' title="bbox 668 525 844 596">
    <p class='ocr_par' dir='ltr' id='par_1_1' title="bbox 668 525 844 596">
     <span class='ocr_line' id='line_1_1' title="bbox 668 525 844 596; baseline 0.011 -2"><span class='ocrx_word' id='word_1_1' title='bbox 668 525 844 596; x_wconf 76' lang='lat'><strong>4⁰⁰8</strong></span> 
     </span>
    </p>
   </div>
   <div class='ocr_carea' id='block_1_2' title="bbox 673 883 944 1048">
    <p class='ocr_par' dir='ltr' id='par_1_2' title="bbox 673 883 944 1048">
     <span class='ocr_line' id='line_1_2' title="bbox 673 883 944 950; baseline 0.015 -16"><span class='ocrx_word' id='word_1_2' title='bbox 673 883 785 934; x_wconf 80' lang='lat' dir='ltr'><strong>Liv.</strong></span> <span class='ocrx_word' id='word_1_3' title='bbox 807 883 944 950; x_wconf 72' lang='lat' dir='ltr'><strong>Epit.</strong></span> 
     </span>
     <span class='ocr_line' id='line_1_3' title="bbox 674 980 889 1048; baseline 0.009 -16"><span class='ocrx_word' id='word_1_4' title='bbox 674 980 889 1048; x_wconf 72' lang='lat' dir='ltr'><strong>Appian-</strong></span> 
     </span>
    </p>
   </div>
   <div class='ocr_carea' id='block_1_3' title="bbox 676 1647 941 1776">
    <p class='ocr_par' dir='ltr' id='par_1_3' title="bbox 676 1647 941 1776">
     <span class='ocr_line' id='line_1_4' title="bbox 676 1647 941 1711; baseline 0.004 -15"><span class='ocrx_word' id='word_1_5' title='bbox 676 1647 785 1696; x_wconf 82' lang='lat' dir='ltr'><strong>Liv.</strong></span> <span class='ocrx_word' id='word_1_6' title='bbox 808 1647 941 1711; x_wconf 81' lang='lat' dir='ltr'><strong>Epit.</strong></span> 
     </span>
     <span class='ocr_line' id='line_1_5' title="bbox 710 1713 921 1776; baseline 0 -15"><span class='ocrx_word' id='word_1_7' title='bbox 710 1713 817 1762; x_wconf 85' lang='lat' dir='ltr'><strong>Cic.</strong></span> <span class='ocrx_word' id='word_1_8' title='bbox 836 1727 921 1776; x_wconf 86' lang='lat' dir='ltr'><strong>pro</strong></span> 
     </span>
    </p>
   </div>
   <div class='ocr_carea' id='block_1_4' title="bbox 1639 546 1954 596">
    <p class='ocr_par' dir='ltr' id='par_1_4' title="bbox 1639 546 1954 596">
     <span class='ocr_line' id='line_1_6' title="bbox 1639 546 1954 596; baseline 0.006 -2"><span class='ocrx_word' id='word_1_9' title='bbox 1639 546 1713 596; x_wconf 71' lang='grc' dir='ltr'><strong>Τ.</strong></span> <span class='ocrx_word' id='word_1_10' title='bbox 1759 547 1954 596; x_wconf 71' lang='lat' dir='ltr'><strong>lell</strong></span> 
     </span>
    </p>
   </div>
   <div class='ocr_carea' id='block_1_5' title="bbox 996 685 2906 1448">
    <p class='ocr_par' dir='ltr' id='par_1_5' title="bbox 996 685 2906 1448">
     <span class='ocr_line' id='line_1_7' title="bbox 998 685 2904 774; baseline 0.002 -26"><span class='ocrx_word' id='word_1_11' title='bbox 998 685 1093 765; x_wconf 68' lang='lat' dir='ltr'><strong>ad.</strong></span> <span class='ocrx_word' id='word_1_12' title='bbox 1108 685 1359 752; x_wconf 77' lang='lat' dir='ltr'><strong>Lutiam</strong></span> <span class='ocrx_word' id='word_1_13' title='bbox 1392 686 1529 760; x_wconf 70' lang='lat' dir='ltr'><strong>fuit,</strong></span> <span class='ocrx_word' id='word_1_14' title='bbox 1570 688 1980 770; x_wconf 75' lang='lat' dir='ltr'>principesque</span> <span class='ocrx_word' id='word_1_15' title='bbox 2007 687 2354 770; x_wconf 76' lang='lat' dir='ltr'><strong>juventutis·</strong></span> <span class='ocrx_word' id='word_1_16' title='bbox 2375 687 2534 750; x_wconf 84' lang='lat' dir='ltr'><strong>tradi</strong></span> <span class='ocrx_word' id='word_1_17' title='bbox 2569 689 2904 774; x_wconf 67' lang='lat' dir='ltr'><strong>imperavit.</strong></span> 
     </span>
     <span class='ocr_line' id='line_1_8' title="bbox 1000 783 2906 868; baseline 0.003 -24"><span class='ocrx_word' id='word_1_18' title='bbox 1000 783 1419 848; x_wconf 69' lang='lat' dir='ltr'><strong>Cambumr</strong></span> <span class='ocrx_word' id='word_1_19' title='bbox 1440 785 1748 868; x_wconf 64' lang='lat' dir='ltr'><strong>oppidani,</strong></span> <span class='ocrx_word' id='word_1_20' title='bbox 1777 795 1795 824; x_wconf 88' lang='lat'>‘</span> <span class='ocrx_word' id='word_1_21' title='bbox 1813 787 2074 868; x_wconf 83' lang='lat' dir='ltr'><strong>erupisse</strong></span> <span class='ocrx_word' id='word_1_22' title='bbox 2100 785 2237 848; x_wconf 85' lang='lat' dir='ltr'><strong>illos</strong></span> <span class='ocrx_word' id='word_1_23' title='bbox 2253 807 2335 846; x_wconf 83' lang='lat' dir='ltr'><strong>ex</strong></span> <span class='ocrx_word' id='word_1_24' title='bbox 2363 787 2505 848; x_wconf 86' lang='lat' dir='ltr'><strong>urhe</strong></span> <span class='ocrx_word' id='word_1_25' title='bbox 2529 788 2642 848; x_wconf 82' lang='lat' dir='ltr'><strong>sub</strong></span> <span class='ocrx_word' id='word_1_26' title='bbox 2679 787 2906 850; x_wconf 74' lang='lat' dir='ltr'><strong>adven·</strong></span> 
     </span>
     <span class='ocr_line' id='line_1_9' title="bbox 999 879 2903 961; baseline 0.001 -19"><span class='ocrx_word' id='word_1_27' title='bbox 999 888 1128 942; x_wconf 82' lang='lat' dir='ltr'><strong>tum</strong></span> <span class='ocrx_word' id='word_1_28' title='bbox 1154 879 1587 952; x_wconf 74' lang='lat' dir='ltr'><strong>Romanorum,</strong></span> <span class='ocrx_word' id='word_1_29' title='bbox 1623 890 1689 942; x_wconf 92' lang='lat' dir='ltr'><strong>et</strong></span> <span class='ocrx_word' id='word_1_30' title='bbox 1717 881 1862 961; x_wconf 80' lang='lat' dir='ltr'><strong>fuga</strong></span> <span class='ocrx_word' id='word_1_31' title='bbox 1895 882 2010 944; x_wconf 82' lang='lat' dir='ltr'><strong>sibi</strong></span> <span class='ocrx_word' id='word_1_32' title='bbox 2043 882 2402 946; x_wconf 64' lang='lat' dir='ltr'><strong>conualuisse</strong></span> <span class='ocrx_word' id='word_1_33' title='bbox 2423 883 2471 944; x_wconf 69' lang='grc' dir='ltr'><strong>τ’</strong></span> <span class='ocrx_word' id='word_1_34' title='bbox 2501 882 2696 946; x_wconf 86' lang='lat' dir='ltr'><strong>donec</strong></span> <span class='ocrx_word' id='word_1_35' title='bbox 2735 886 2903 946; x_wconf 83' lang='lat' dir='ltr'><strong>exci-</strong></span> 
     </span>
     <span class='ocr_line' id='line_1_10' title="bbox 996 975 2905 1060; baseline 0.002 -23"><span class='ocrx_word' id='word_1_36' title='bbox 996 975 1163 1038; x_wconf 87' lang='lat' dir='ltr'><strong>dium</strong></span> <span class='ocrx_word' id='word_1_37' title='bbox 1190 979 1497 1039; x_wconf 75' lang='lat' dir='ltr'><strong>minitante</strong></span> <span class='ocrx_word' id='word_1_38' title='bbox 1522 977 1828 1050; x_wconf 85' lang='lat' dir='ltr'><strong>Romano,</strong></span> <span class='ocrx_word' id='word_1_39' title='bbox 1857 978 2246 1040; x_wconf 77' lang='lat' dir='ltr'><strong>Vaccoeorum</strong></span> <span class='ocrx_word' id='word_1_40' title='bbox 2275 978 2647 1060; x_wconf 83' lang='lat' dir='ltr'><strong>popularium</strong></span> <span class='ocrx_word' id='word_1_41' title='bbox 2667 1001 2905 1042; x_wconf 78' lang='lat' dir='ltr'><strong>suorum</strong></span> 
     </span>
     <span class='ocr_line' id='line_1_11' title="bbox 998 1073 2904 1158; baseline 0.003 -25"><span class='ocrx_word' id='word_1_42' title='bbox 998 1073 1228 1136; x_wconf 83' lang='lat' dir='ltr'><strong>exitum</strong></span> <span class='ocrx_word' id='word_1_43' title='bbox 1261 1076 1457 1147; x_wconf 82' lang='lat' dir='ltr'><strong>veriti,</strong></span> <span class='ocrx_word' id='word_1_44' title='bbox 1489 1076 1593 1155; x_wconf 87' lang='lat' dir='ltr'><strong>qui</strong></span> <span class='ocrx_word' id='word_1_45' title='bbox 1635 1095 1824 1157; x_wconf 70' lang='lat' dir='ltr'><strong>⁴nuper</strong></span> <span class='ocrx_word' id='word_1_46' title='bbox 1857 1077 1918 1136; x_wconf 89' lang='lat' dir='ltr'><strong>in</strong></span> <span class='ocrx_word' id='word_1_47' title='bbox 1965 1076 2107 1136; x_wconf 90' lang='lat' dir='ltr'><strong>urbe</strong></span> <span class='ocrx_word' id='word_1_48' title='bbox 2146 1075 2404 1157; x_wconf 84' lang='lat' dir='ltr'><strong>quadam</strong></span> <span class='ocrx_word' id='word_1_49' title='bbox 2445 1077 2686 1148; x_wconf 66' lang='lat' dir='ltr'><strong>obsemi‚</strong></span> <span class='ocrx_word' id='word_1_50' title='bbox 2721 1097 2904 1158; x_wconf 81' lang='lat' dir='ltr'><strong>seque</strong></span> 
     </span>
     <span class='ocr_line' id='line_1_12' title="bbox 1000 1169 2904 1254; baseline 0.002 -24"><span class='ocrx_word' id='word_1_51' title='bbox 1000 1169 1329 1251; x_wconf 83' lang='lat' dir='ltr'><strong>liberosque</strong></span> <span class='ocrx_word' id='word_1_52' title='bbox 1352 1180 1419 1240; x_wconf 81' lang='lat' dir='ltr'><strong>et</strong></span> <span class='ocrx_word' id='word_1_53' title='bbox 1452 1191 1669 1232; x_wconf 86' lang='lat' dir='ltr'><strong>uxores</strong></span> <span class='ocrx_word' id='word_1_54' title='bbox 1704 1171 2164 1244; x_wconf 75' lang='lat' dir='ltr'><strong>trucidaverant,</strong></span> <span class='ocrx_word' id='word_1_55' title='bbox 2201 1183 2432 1253; x_wconf 82' lang='lat' dir='ltr'><strong>partem</strong></span> <span class='ocrx_word' id='word_1_56' title='bbox 2457 1172 2698 1244; x_wconf 72' lang='lat' dir='ltr'><strong>civium,</strong></span> <span class='ocrx_word' id='word_1_57' title='bbox 2722 1191 2904 1254; x_wconf 78' lang='lat' dir='ltr'><strong>quam</strong></span> 
     </span>
     <span class='ocr_line' id='line_1_13' title="bbox 998 1266 2906 1349; baseline 0.003 -23"><span class='ocrx_word' id='word_1_58' title='bbox 998 1267 1299 1328; x_wconf 81' lang='lat' dir='ltr'><strong>civitatem</strong></span> <span class='ocrx_word' id='word_1_59' title='bbox 1327 1266 1515 1349; x_wconf 83' lang='lat' dir='ltr'><strong>perire</strong></span> <span class='ocrx_word' id='word_1_60' title='bbox 1548 1268 1900 1330; x_wconf 78' lang='lat' dir='ltr'><strong>maluerunt.</strong></span> <span class='ocrx_word' id='word_1_61' title='bbox 1987 1269 2090 1329; x_wconf 85' lang='lat' dir='ltr'><strong>Ita</strong></span> <span class='ocrx_word' id='word_1_62' title='bbox 2121 1268 2310 1330; x_wconf 89' lang='lat' dir='ltr'><strong>dediti</strong></span> <span class='ocrx_word' id='word_1_63' title='bbox 2343 1278 2479 1330; x_wconf 85' lang='lat' dir='ltr'><strong>sunt</strong></span> <span class='ocrx_word' id='word_1_64' title='bbox 2509 1267 2588 1328; x_wconf 83' lang='lat' dir='ltr'><strong>ad</strong></span> <span class='ocrx_word' id='word_1_65' title='bbox 2621 1269 2906 1349; x_wconf 78' lang='lat' dir='ltr'><strong>quadrin-</strong></span> 
     </span>
     <span class='ocr_line' id='line_1_14' title="bbox 1001 1363 2906 1448; baseline 0.001 -24"><span class='ocrx_word' id='word_1_66' title='bbox 1001 1373 1225 1443; x_wconf 80' lang='lat' dir='ltr'><strong>gentos,</strong></span> <span class='ocrx_word' id='word_1_67' title='bbox 1252 1365 1467 1444; x_wconf 88' lang='lat' dir='ltr'><strong>quibus</strong></span> <span class='ocrx_word' id='word_1_68' title='bbox 1485 1363 1563 1426; x_wconf 87' lang='lat' dir='ltr'><strong>ad</strong></span> <span class='ocrx_word' id='word_1_69' title='bbox 1588 1374 1866 1426; x_wconf 84' lang='lat' dir='ltr'><strong>terrorem</strong></span> <span class='ocrx_word' id='word_1_70' title='bbox 1885 1365 2136 1426; x_wconf 81' lang='lat' dir='ltr'><strong>eliorum</strong></span> <span class='ocrx_word' id='word_1_71' title='bbox 2155 1385 2364 1426; x_wconf 85' lang='lat' dir='ltr'><strong>manus</strong></span> <span class='ocrx_word' id='word_1_72' title='bbox 2383 1367 2675 1448; x_wconf 85' lang='lat' dir='ltr'><strong>amputari</strong></span> <span class='ocrx_word' id='word_1_73' title='bbox 2697 1364 2906 1448; x_wconf 81' lang='lat' dir='ltr'><strong>Scipio</strong></span> 
     </span>
    </p>
   </div>
   <div class='ocr_carea' id='block_1_6' title="bbox 991 1459 2907 1543">
    <p class='ocr_par' dir='ltr' id='par_1_6' title="bbox 991 1459 2907 1543">
     <span class='ocr_line' id='line_1_15' title="bbox 991 1459 2907 1543; baseline 0.002 -24"><span class='ocrx_word' id='word_1_74' title='bbox 991 1460 1203 1538; x_wconf 81' lang='lat' dir='ltr'><strong>jussit:</strong></span> <span class='ocrx_word' id='word_1_75' title='bbox 1249 1459 1625 1542; x_wconf 80' lang='lat' dir='ltr'><strong>abductoque</strong></span> <span class='ocrx_word' id='word_1_76' title='bbox 1655 1482 1854 1522; x_wconf 87' lang='lat' dir='ltr'><strong>secum</strong></span> <span class='ocrx_word' id='word_1_77' title='bbox 1889 1461 2158 1542; x_wconf 83' lang='lat' dir='ltr'><strong>praesidio</strong></span> <span class='ocrx_word' id='word_1_78' title='bbox 2189 1462 2400 1522; x_wconf 82' lang='lat' dir='ltr'><strong>iterum</strong></span> <span class='ocrx_word' id='word_1_79' title='bbox 2435 1482 2570 1524; x_wconf 87' lang='lat' dir='ltr'><strong>cum</strong></span> <span class='ocrx_word' id='word_1_80' title='bbox 2605 1464 2907 1543; x_wconf 83' lang='lat' dir='ltr'><strong>sequentis</strong></span> 
     </span>
    </p>
   </div>
   <div class='ocr_carea' id='block_1_7' title="bbox 1002 1555 2900 1736">
    <p class='ocr_par' dir='ltr' id='par_1_7' title="bbox 1002 1555 2900 1736">
     <span class='ocr_line' id='line_1_16' title="bbox 1002 1555 2480 1619; baseline 0.001 -2"><span class='ocrx_word' id='word_1_81' title='bbox 1002 1555 1153 1618; x_wconf 84' lang='lat' dir='ltr'><strong>lucis</strong></span> <span class='ocrx_word' id='word_1_82' title='bbox 1176 1568 1386 1618; x_wconf 84' lang='lat' dir='ltr'><strong>exortu</strong></span> <span class='ocrx_word' id='word_1_83' title='bbox 1411 1558 1472 1618; x_wconf 90' lang='lat' dir='ltr'><strong>in</strong></span> <span class='ocrx_word' id='word_1_84' title='bbox 1492 1567 1688 1619; x_wconf 85' lang='lat' dir='ltr'><strong>castra</strong></span> <span class='ocrx_word' id='word_1_85' title='bbox 1708 1579 1966 1618; x_wconf 81' lang='lat' dir='ltr'><strong>reversus</strong></span> <span class='ocrx_word' id='word_1_86' title='bbox 1985 1568 2092 1619; x_wconf 87' lang='lat' dir='ltr'><strong>est.</strong></span> <span class='ocrx_word' id='word_1_87' title='bbox 2473 1597 2480 1604; x_wconf 88' lang='lat'>-</span> 
     </span>
     <span class='ocr_line' id='line_1_17' title="bbox 1080 1653 2900 1736; baseline 0.002 -21"><span class='ocrx_word' id='word_1_88' title='bbox 1080 1661 1181 1715; x_wconf 79' lang='lat'><strong>35.</strong></span> <span class='ocrx_word' id='word_1_89' title='bbox 1228 1653 1391 1715; x_wconf 87' lang='lat' dir='ltr'><strong>Dum</strong></span> <span class='ocrx_word' id='word_1_90' title='bbox 1417 1655 1503 1715; x_wconf 79' lang='lat' dir='ltr'><strong>ita</strong></span> <span class='ocrx_word' id='word_1_91' title='bbox 1528 1653 1607 1714; x_wconf 84' lang='lat' dir='ltr'><strong>ad</strong></span> <span class='ocrx_word' id='word_1_92' title='bbox 1637 1653 2034 1716; x_wconf 74' lang='lat' dir='ltr'><strong>Numantiam</strong></span> <span class='ocrx_word' id='word_1_93' title='bbox 2062 1655 2266 1736; x_wconf 85' lang='lat' dir='ltr'><strong>Scipio</strong></span> <span class='ocrx_word' id='word_1_94' title='bbox 2291 1655 2480 1726; x_wconf 86' lang='lat' dir='ltr'><strong>sedet,</strong></span> <span class='ocrx_word' id='word_1_95' title='bbox 2505 1665 2794 1717; x_wconf 74' lang='lat' dir='ltr'><strong>venerunt</strong></span> <span class='ocrx_word' id='word_1_96' title='bbox 2819 1655 2900 1719; x_wconf 75' lang='lat' dir='ltr'><strong>ad</strong></span> 
     </span>
    </p>
   </div>
   <div class='ocr_carea' id='block_1_8' title="bbox 676 1751 2902 1834">
    <p class='ocr_par' dir='ltr' id='par_1_8' title="bbox 676 1751 2902 1834">
     <span class='ocr_line' id='line_1_18' title="bbox 676 1751 2902 1834; baseline -0 -21"><span class='ocrx_word' id='word_1_97' title='bbox 676 1775 846 1826; x_wconf 81' lang='lat' dir='ltr'><strong>Deiot.</strong></span> <span class='ocrx_word' id='word_1_98' title='bbox 867 1792 912 1825; x_wconf 86' lang='lat' dir='ltr'><strong>c.</strong></span> <span class='ocrx_word' id='word_1_99' title='bbox 931 1782 977 1829; x_wconf 72' lang='lat'><strong>⁷.</strong></span> <span class='ocrx_word' id='word_1_100' title='bbox 1000 1771 1137 1811; x_wconf 88' lang='lat' dir='ltr'><strong>eum</strong></span> <span class='ocrx_word' id='word_1_101' title='bbox 1163 1753 1223 1812; x_wconf 83' lang='lat' dir='ltr'><strong>in</strong></span> <span class='ocrx_word' id='word_1_102' title='bbox 1246 1761 1442 1813; x_wconf 83' lang='lat' dir='ltr'><strong>castra</strong></span> <span class='ocrx_word' id='word_1_103' title='bbox 1464 1753 1620 1831; x_wconf 80' lang='lat' dir='ltr'><strong>regis</strong></span> <span class='ocrx_word' id='word_1_104' title='bbox 1645 1751 1935 1813; x_wconf 84' lang='lat' dir='ltr'><strong>Antiochi</strong></span> <span class='ocrx_word' id='word_1_105' title='bbox 1954 1753 2186 1831; x_wconf 71' lang='lat' dir='ltr'><strong>legati,⁶</strong></span> <span class='ocrx_word' id='word_1_106' title='bbox 2211 1773 2351 1814; x_wconf 90' lang='lat' dir='ltr'><strong>cum</strong></span> <span class='ocrx_word' id='word_1_107' title='bbox 2376 1752 2746 1834; x_wconf 65' lang='lat' dir='ltr'><strong>amplioeimis</strong></span> <span class='ocrx_word' id='word_1_108' title='bbox 2771 1773 2902 1813; x_wconf 54' lang='lat' dir='ltr'><strong>mue</strong></span> 
     </span>
    </p>
   </div>
   <div class='ocr_carea' id='block_1_9' title="bbox 674 1841 935 1906">
    <p class='ocr_par' dir='ltr' id='par_1_9' title="bbox 674 1841 935 1906">
     <span class='ocr_line' id='line_1_19' title="bbox 674 1841 935 1906; baseline 0.015 -16"><span class='ocrx_word' id='word_1_109' title='bbox 674 1841 787 1894; x_wconf 80' lang='lat' dir='ltr'><strong>Liv.</strong></span> <span class='ocrx_word' id='word_1_110' title='bbox 801 1841 935 1906; x_wconf 86' lang='lat' dir='ltr'><strong>Epit.</strong></span> 
     </span>
    </p>
   </div>
   <div class='ocr_carea' id='block_1_10' title="bbox 1000 1848 2904 2413">
    <p class='ocr_par' dir='ltr' id='par_1_10' title="bbox 1000 1848 2904 2413">
     <span class='ocr_line' id='line_1_20' title="bbox 1002 1848 2901 1930; baseline 0.001 -23"><span class='ocrx_word' id='word_1_111' title='bbox 1002 1848 1255 1910; x_wconf 75' lang='lat' dir='ltr'><strong>neribus.</strong></span> <span class='ocrx_word' id='word_1_112' title='bbox 1340 1849 1491 1909; x_wconf 88' lang='lat' dir='ltr'><strong>Erat</strong></span> <span class='ocrx_word' id='word_1_113' title='bbox 1519 1848 1703 1910; x_wconf 82' lang='lat' dir='ltr'><strong>ferme</strong></span> <span class='ocrx_word' id='word_1_114' title='bbox 1719 1852 1852 1929; x_wconf 87' lang='lat' dir='ltr'><strong>jam</strong></span> <span class='ocrx_word' id='word_1_115' title='bbox 1872 1850 1934 1910; x_wconf 89' lang='lat' dir='ltr'><strong>in</strong></span> <span class='ocrx_word' id='word_1_116' title='bbox 1959 1869 2120 1910; x_wconf 87' lang='lat' dir='ltr'><strong>more</strong></span> <span class='ocrx_word' id='word_1_117' title='bbox 2155 1850 2408 1930; x_wconf 82' lang='lat' dir='ltr'><strong>positum</strong></span> <span class='ocrx_word' id='word_1_118' title='bbox 2433 1849 2901 1930; x_wconf 65' lang='lat' dir='ltr'><strong>imperatoribus,</strong></span> 
     </span>
     <span class='ocr_line' id='line_1_21' title="bbox 1002 1945 2902 2023; baseline 0.003 -20"><span class='ocrx_word' id='word_1_119' title='bbox 1002 1953 1069 2004; x_wconf 91' lang='lat' dir='ltr'><strong>ut</strong></span> <span class='ocrx_word' id='word_1_120' title='bbox 1116 1945 1405 2023; x_wconf 84' lang='lat' dir='ltr'><strong>ejusmodi</strong></span> <span class='ocrx_word' id='word_1_121' title='bbox 1456 1946 1618 2006; x_wconf 86' lang='lat' dir='ltr'><strong>dona</strong></span> <span class='ocrx_word' id='word_1_122' title='bbox 1661 1945 2053 2018; x_wconf 76' lang='lat' dir='ltr'>occultarent,</span> <span class='ocrx_word' id='word_1_123' title='bbox 2103 1966 2239 2006; x_wconf 84' lang='lat' dir='ltr'><strong>suas</strong></span> <span class='ocrx_word' id='word_1_124' title='bbox 2285 1945 2595 2006; x_wconf 74' lang='lat' dir='ltr'><strong>manubias</strong></span> <span class='ocrx_word' id='word_1_125' title='bbox 2635 1956 2902 2008; x_wconf 76' lang='lat' dir='ltr'><strong>auctura.</strong></span> 
     </span>
     <span class='ocr_line' id='line_1_22' title="bbox 1002 2039 2900 2124; baseline 0.001 -24"><span class='ocrx_word' id='word_1_126' title='bbox 1002 2039 1123 2101; x_wconf 87' lang='lat' dir='ltr'><strong>Sed</strong></span> <span class='ocrx_word' id='word_1_127' title='bbox 1152 2041 1380 2123; x_wconf 90' lang='lat' dir='ltr'><strong>Scipio,</strong></span> <span class='ocrx_word' id='word_1_128' title='bbox 1406 2044 1511 2123; x_wconf 89' lang='lat' dir='ltr'><strong>qni</strong></span> <span class='ocrx_word' id='word_1_129' title='bbox 1536 2042 1685 2104; x_wconf 83' lang='lat' dir='ltr'><strong>nihil</strong></span> <span class='ocrx_word' id='word_1_130' title='bbox 1709 2062 1828 2104; x_wconf 91' lang='lat' dir='ltr'><strong>non</strong></span> <span class='ocrx_word' id='word_1_131' title='bbox 1851 2042 1930 2102; x_wconf 87' lang='lat' dir='ltr'><strong>ad</strong></span> <span class='ocrx_word' id='word_1_132' title='bbox 1947 2042 2370 2124; x_wconf 75' lang='lat' dir='ltr'><strong>rempublicam</strong></span> <span class='ocrx_word' id='word_1_133' title='bbox 2385 2041 2702 2114; x_wconf 76' lang='lat' dir='ltr'><strong>referebat,</strong></span> <span class='ocrx_word' id='word_1_134' title='bbox 2721 2062 2900 2122; x_wconf 79' lang='lat' dir='ltr'><strong>nega·</strong></span> 
     </span>
     <span class='ocr_line' id='line_1_23' title="bbox 1000 2138 2904 2222; baseline 0 -24"><span class='ocrx_word' id='word_1_135' title='bbox 1000 2138 1090 2198; x_wconf 82' lang='lat' dir='ltr'><strong>vit</strong></span> <span class='ocrx_word' id='word_1_136' title='bbox 1112 2159 1175 2200; x_wconf 85' lang='lat' dir='ltr'><strong>se</strong></span> <span class='ocrx_word' id='word_1_137' title='bbox 1214 2139 1325 2200; x_wconf 85' lang='lat' dir='ltr'><strong>nisi</strong></span> <span class='ocrx_word' id='word_1_138' title='bbox 1350 2140 1718 2222; x_wconf 73' lang='lat' dir='ltr'><strong>inspectante</strong></span> <span class='ocrx_word' id='word_1_139' title='bbox 1741 2139 2006 2200; x_wconf 80' lang='lat' dir='ltr'><strong>exercitu</strong></span> <span class='ocrx_word' id='word_1_140' title='bbox 2043 2149 2456 2221; x_wconf 84' lang='lat' dir='ltr'><strong>accepturum:</strong></span> <span class='ocrx_word' id='word_1_141' title='bbox 2496 2138 2814 2220; x_wconf 82' lang='lat' dir='ltr'><strong>referrique</strong></span> <span class='ocrx_word' id='word_1_142' title='bbox 2841 2140 2904 2198; x_wconf 86' lang='lat' dir='ltr'><strong>in</strong></span> 
     </span>
     <span class='ocr_line' id='line_1_24' title="bbox 1004 2235 2900 2317; baseline 0.001 -22"><span class='ocrx_word' id='word_1_143' title='bbox 1004 2235 1238 2296; x_wconf 80' lang='lat' dir='ltr'><strong>tabulas</strong></span> <span class='ocrx_word' id='word_1_144' title='bbox 1262 2256 1301 2296; x_wconf 83' lang='lat' dir='ltr'><strong>a</strong></span> <span class='ocrx_word' id='word_1_145' title='bbox 1324 2247 1609 2317; x_wconf 62' lang='lat' dir='ltr'><strong>questore</strong></span> <span class='ocrx_word' id='word_1_146' title='bbox 1625 2237 1826 2316; x_wconf 83' lang='lat' dir='ltr'><strong>jussit,</strong></span> <span class='ocrx_word' id='word_1_147' title='bbox 1847 2235 1983 2296; x_wconf 88' lang='lat' dir='ltr'><strong>inde</strong></span> <span class='ocrx_word' id='word_1_148' title='bbox 2009 2257 2248 2296; x_wconf 87' lang='lat' dir='ltr'><strong>munera</strong></span> <span class='ocrx_word' id='word_1_149' title='bbox 2272 2257 2336 2296; x_wconf 81' lang='lat' dir='ltr'><strong>se</strong></span> <span class='ocrx_word' id='word_1_150' title='bbox 2361 2235 2610 2297; x_wconf 76' lang='lat' dir='ltr'><strong>fortibus</strong></span> <span class='ocrx_word' id='word_1_151' title='bbox 2633 2237 2774 2297; x_wconf 80' lang='lat' dir='ltr'><strong>viris</strong></span> <span class='ocrx_word' id='word_1_152' title='bbox 2789 2235 2900 2296; x_wconf 83' lang='lat' dir='ltr'><strong>da·</strong></span> 
     </span>
     <span class='ocr_line' id='line_1_25' title="bbox 1002 2331 2902 2413; baseline 0.001 -21"><span class='ocrx_word' id='word_1_153' title='bbox 1002 2341 1219 2406; x_wconf 86' lang='lat' dir='ltr'><strong>turum,</strong></span> <span class='ocrx_word' id='word_1_154' title='bbox 1246 2332 1457 2413; x_wconf 76' lang='lat' dir='ltr'><strong>insigni</strong></span> <span class='ocrx_word' id='word_1_155' title='bbox 1484 2333 1562 2394; x_wconf 86' lang='lat' dir='ltr'><strong>ad</strong></span> <span class='ocrx_word' id='word_1_156' title='bbox 1586 2334 1864 2395; x_wconf 80' lang='lat' dir='ltr'><strong>virtutem</strong></span> <span class='ocrx_word' id='word_1_157' title='bbox 1898 2333 2158 2404; x_wconf 77' lang='lat' dir='ltr'><strong>stimula,</strong></span> <span class='ocrx_word' id='word_1_158' title='bbox 2194 2331 2502 2413; x_wconf 78' lang='lat' dir='ltr'><strong>professus.</strong></span> <span class='ocrx_word' id='word_1_159' title='bbox 2587 2331 2788 2393; x_wconf 82' lang='lat' dir='ltr'><strong>Causa</strong></span> <span class='ocrx_word' id='word_1_160' title='bbox 2813 2332 2902 2393; x_wconf 77' lang='lat' dir='ltr'><strong>le·</strong></span> 
     </span>
    </p>
   </div>
   <div class='ocr_carea' id='block_1_11' title="bbox 882 2428 2906 2508">
    <p class='ocr_par' dir='ltr' id='par_1_11' title="bbox 882 2428 2906 2508">
     <span class='ocr_line' id='line_1_26' title="bbox 882 2428 2906 2508; baseline -0.001 -16"><span class='ocrx_word' id='word_1_161' title='bbox 882 2481 896 2492; x_wconf 91' lang='lat'><em>.</em></span> <span class='ocrx_word' id='word_1_162' title='bbox 1000 2429 1253 2508; x_wconf 78' lang='lat' dir='ltr'><strong>gationis</strong></span> <span class='ocrx_word' id='word_1_163' title='bbox 1278 2451 1395 2492; x_wconf 90' lang='lat' dir='ltr'><strong>non</strong></span> <span class='ocrx_word' id='word_1_164' title='bbox 1422 2429 1712 2496; x_wconf 78' lang='lat' dir='ltr'><strong>traditur:</strong></span> <span class='ocrx_word' id='word_1_165' title='bbox 1737 2430 1843 2491; x_wconf 85' lang='lat' dir='ltr'><strong>sed</strong></span> <span class='ocrx_word' id='word_1_166' title='bbox 1869 2450 1947 2490; x_wconf 85' lang='lat' dir='ltr'><strong>ex</strong></span> <span class='ocrx_word' id='word_1_167' title='bbox 1973 2429 2210 2490; x_wconf 85' lang='lat' dir='ltr'><strong>fortuna</strong></span> <span class='ocrx_word' id='word_1_168' title='bbox 2237 2431 2390 2508; x_wconf 78' lang='lat' dir='ltr'><strong>regis</strong></span> <span class='ocrx_word' id='word_1_169' title='bbox 2413 2428 2614 2508; x_wconf 81' lang='lat' dir='ltr'><strong>colligi</strong></span> <span class='ocrx_word' id='word_1_170' title='bbox 2639 2429 2906 2490; x_wconf 76' lang='lat' dir='ltr'><strong>fortassis</strong></span> 
     </span>
    </p>
   </div>
   <div class='ocr_carea' id='block_1_12' title="bbox 674 3197 939 3444">
    <p class='ocr_par' dir='ltr' id='par_1_12' title="bbox 674 3197 939 3313">
     <span class='ocr_line' id='line_1_27' title="bbox 706 3197 888 3248; baseline 0.005 -1"><span class='ocrx_word' id='word_1_171' title='bbox 706 3197 888 3248; x_wconf 74' lang='lat' dir='ltr'><strong>suntin.</strong></span> 
     </span>
     <span class='ocr_line' id='line_1_28' title="bbox 674 3266 939 3313; baseline 0.011 -3"><span class='ocrx_word' id='word_1_172' title='bbox 674 3279 868 3313; x_wconf 77' lang='lat' dir='ltr'>xxxvx.</span> <span class='ocrx_word' id='word_1_173' title='bbox 891 3266 939 3313; x_wconf 83' lang='lat' dir='ltr'><strong>l.</strong></span> 
     </span>
    </p>

    <p class='ocr_par' dir='ltr' id='par_1_13' title="bbox 676 3329 908 3444">
     <span class='ocr_line' id='line_1_29' title="bbox 706 3329 908 3391; baseline -0.005 -13"><span class='ocrx_word' id='word_1_174' title='bbox 706 3329 908 3391; x_wconf 74' lang='lat' dir='ltr'><strong>Joneph.</strong></span> 
     </span>
     <span class='ocr_line' id='line_1_30' title="bbox 676 3397 907 3444; baseline 0.017 -6"><span class='ocrx_word' id='word_1_175' title='bbox 676 3407 800 3444; x_wconf 84' lang='lat' dir='ltr'>x111.</span> <span class='ocrx_word' id='word_1_176' title='bbox 827 3397 907 3443; x_wconf 76' lang='lat'><strong>12.</strong></span> 
     </span>
    </p>
   </div>
   <div class='ocr_carea' id='block_1_13' title="bbox 995 2525 2946 3866">
    <p class='ocr_par' dir='ltr' id='par_1_14' title="bbox 996 2525 2946 3188">
     <span class='ocr_line' id='line_1_31' title="bbox 1000 2525 2901 2608; baseline -0.002 -19"><span class='ocrx_word' id='word_1_177' title='bbox 1000 2535 1217 2606; x_wconf 82' lang='lat' dir='ltr'><strong>potest.</strong></span> <span class='ocrx_word' id='word_1_178' title='bbox 1259 2526 1505 2608; x_wconf 83' lang='lat' dir='ltr'><strong>Quippe</strong></span> <span class='ocrx_word' id='word_1_179' title='bbox 1529 2547 1622 2588; x_wconf 87' lang='lat' dir='ltr'><strong>res</strong></span> <span class='ocrx_word' id='word_1_180' title='bbox 1646 2528 1815 2589; x_wconf 84' lang='lat' dir='ltr'><strong>istius</strong></span> <span class='ocrx_word' id='word_1_181' title='bbox 1840 2527 2132 2594; x_wconf 81' lang='lat' dir='ltr'><strong>Antiochi</strong></span> <span class='ocrx_word' id='word_1_182' title='bbox 2160 2525 2339 2608; x_wconf 83' lang='lat' dir='ltr'><strong>paulo</strong></span> <span class='ocrx_word' id='word_1_183' title='bbox 2367 2534 2504 2586; x_wconf 89' lang='lat' dir='ltr'><strong>ante</strong></span> <span class='ocrx_word' id='word_1_184' title='bbox 2521 2545 2596 2586; x_wconf 87' lang='lat' dir='ltr'><strong>ea</strong></span> <span class='ocrx_word' id='word_1_185' title='bbox 2611 2535 2901 2607; x_wconf 78' lang='lat' dir='ltr'><strong>tempora,</strong></span> 
     </span>
     <span class='ocr_line' id='line_1_32' title="bbox 998 2621 2899 2702; baseline -0.001 -19"><span class='ocrx_word' id='word_1_186' title='bbox 998 2623 1195 2686; x_wconf 84' lang='lat' dir='ltr'><strong>subita</strong></span> <span class='ocrx_word' id='word_1_187' title='bbox 1234 2625 1581 2697; x_wconf 73' lang='lat' dir='ltr'><strong>mutatione,</strong></span> <span class='ocrx_word' id='word_1_188' title='bbox 1614 2635 1693 2686; x_wconf 80' lang='lat' dir='ltr'><strong>ex</strong></span> <span class='ocrx_word' id='word_1_189' title='bbox 1733 2625 2000 2702; x_wconf 81' lang='lat' dir='ltr'><strong>ang-ustis</strong></span> <span class='ocrx_word' id='word_1_190' title='bbox 2031 2621 2454 2684; x_wconf 70' lang='lat' dir='ltr'><strong>florentissimae</strong></span> <span class='ocrx_word' id='word_1_191' title='bbox 2488 2621 2746 2684; x_wconf 68' lang='lat' dir='ltr'><strong>redactae</strong></span> <span class='ocrx_word' id='word_1_192' title='bbox 2771 2621 2899 2682; x_wconf 86' lang='lat' dir='ltr'><strong>fue-</strong></span> 
     </span>
     <span class='ocr_line' id='line_1_33' title="bbox 997 2717 2900 2800; baseline 0 -20"><span class='ocrx_word' id='word_1_193' title='bbox 997 2727 1167 2780; x_wconf 84' lang='lat' dir='ltr'><strong>rant:</strong></span> <span class='ocrx_word' id='word_1_194' title='bbox 1208 2721 1708 2800; x_wconf 71' lang='lat' dir='ltr'><strong>quemadmodum</strong></span> <span class='ocrx_word' id='word_1_195' title='bbox 1733 2739 1850 2781; x_wconf 88' lang='lat' dir='ltr'><strong>non</strong></span> <span class='ocrx_word' id='word_1_196' title='bbox 1875 2721 1960 2780; x_wconf 86' lang='lat' dir='ltr'><strong>ita</strong></span> <span class='ocrx_word' id='word_1_197' title='bbox 1985 2717 2172 2780; x_wconf 88' lang='lat' dir='ltr'><strong>multo</strong></span> <span class='ocrx_word' id='word_1_198' title='bbox 2201 2729 2358 2800; x_wconf 86' lang='lat' dir='ltr'><strong>post,</strong></span> <span class='ocrx_word' id='word_1_199' title='bbox 2392 2739 2530 2782; x_wconf 87' lang='lat' dir='ltr'><strong>cnm</strong></span> <span class='ocrx_word' id='word_1_200' title='bbox 2553 2718 2900 2782; x_wconf 64' lang='lat' dir='ltr'><strong>firmissima</strong></span> 
     </span>
     <span class='ocr_line' id='line_1_34' title="bbox 997 2815 2900 2899; baseline -0.002 -22"><span class='ocrx_word' id='word_1_201' title='bbox 997 2816 1353 2889; x_wconf 76' lang='lat' dir='ltr'><strong>viderentur,</strong></span> <span class='ocrx_word' id='word_1_202' title='bbox 1400 2817 1709 2899; x_wconf 82' lang='lat' dir='ltr'><strong>inopinata</strong></span> <span class='ocrx_word' id='word_1_203' title='bbox 1738 2815 1915 2878; x_wconf 54' lang='lat' dir='ltr'><strong>&gt;clade</strong></span> <span class='ocrx_word' id='word_1_204' title='bbox 1943 2825 2304 2878; x_wconf 84' lang='lat' dir='ltr'><strong>corruerunt.</strong></span> <span class='ocrx_word' id='word_1_205' title='bbox 2389 2817 2674 2878; x_wconf 84' lang='lat' dir='ltr'><strong>Ceterum</strong></span> <span class='ocrx_word' id='word_1_206' title='bbox 2697 2818 2900 2878; x_wconf 67' lang='lat' dir='ltr'><strong>interi·</strong></span> 
     </span>
     <span class='ocr_line' id='line_1_35' title="bbox 997 2913 2904 2994; baseline 0.001 -22"><span class='ocrx_word' id='word_1_207' title='bbox 997 2922 1092 2973; x_wconf 85' lang='lat' dir='ltr'><strong>tus</strong></span> <span class='ocrx_word' id='word_1_208' title='bbox 1116 2913 1505 2975; x_wconf 81' lang='lat' dir='ltr'><strong>adolescentis</strong></span> <span class='ocrx_word' id='word_1_209' title='bbox 1530 2913 1608 2974; x_wconf 86' lang='lat' dir='ltr'><strong>ad</strong></span> <span class='ocrx_word' id='word_1_210' title='bbox 1627 2913 1937 2993; x_wconf 84' lang='lat' dir='ltr'><strong>sequentia</strong></span> <span class='ocrx_word' id='word_1_211' title='bbox 1953 2921 2222 2994; x_wconf 80' lang='lat' dir='ltr'><strong>tempora</strong></span> <span class='ocrx_word' id='word_1_212' title='bbox 2236 2913 2520 2994; x_wconf 84' lang='lat' dir='ltr'><strong>pertinet:</strong></span> <span class='ocrx_word' id='word_1_213' title='bbox 2538 2914 2904 2976; x_wconf 79' lang='lat' dir='ltr'><strong>incrementa</strong></span> 
     </span>
     <span class='ocr_line' id='line_1_36' title="bbox 996 3009 2946 3092; baseline 0.001 -22"><span class='ocrx_word' id='word_1_214' title='bbox 996 3009 1221 3072; x_wconf 79' lang='lat' dir='ltr'><strong>narrari</strong></span> <span class='ocrx_word' id='word_1_215' title='bbox 1262 3029 1515 3092; x_wconf 80' lang='lat' dir='ltr'><strong>praesens</strong></span> <span class='ocrx_word' id='word_1_216' title='bbox 1555 3010 1723 3072; x_wconf 85' lang='lat' dir='ltr'><strong>locus</strong></span> <span class='ocrx_word' id='word_1_217' title='bbox 1761 3009 2044 3091; x_wconf 80' lang='lat' dir='ltr'><strong>postulat,</strong></span> <span class='ocrx_word' id='word_1_218' title='bbox 2087 3019 2174 3081; x_wconf 88' lang='lat' dir='ltr'><strong>ut,</strong></span> <span class='ocrx_word' id='word_1_219' title='bbox 2217 3029 2338 3090; x_wconf 84' lang='lat' dir='ltr'><strong>quo</strong></span> <span class='ocrx_word' id='word_1_220' title='bbox 2371 3011 2608 3072; x_wconf 81' lang='lat' dir='ltr'><strong>interim</strong></span> <span class='ocrx_word' id='word_1_221' title='bbox 2645 3010 2782 3072; x_wconf 90' lang='lat' dir='ltr'><strong>loco</strong></span> <span class='ocrx_word' id='word_1_222' title='bbox 2809 3031 2903 3072; x_wconf 85' lang='lat' dir='ltr'><strong>res</strong></span> <span class='ocrx_word' id='word_1_223' title='bbox 2935 3015 2946 3028; x_wconf 81' lang='lat'><strong>‘</strong></span> 
     </span>
     <span class='ocr_line' id='line_1_37' title="bbox 998 3105 2334 3188; baseline -0.001 -20"><span class='ocrx_word' id='word_1_224' title='bbox 998 3106 1264 3169; x_wconf 79' lang='lat' dir='ltr'><strong>Orientis</strong></span> <span class='ocrx_word' id='word_1_225' title='bbox 1285 3106 1525 3180; x_wconf 83' lang='lat' dir='ltr'><strong>fuerint,</strong></span> <span class='ocrx_word' id='word_1_226' title='bbox 1548 3105 1904 3188; x_wconf 87' lang='lat' dir='ltr'><strong>compendio</strong></span> <span class='ocrx_word' id='word_1_227' title='bbox 1927 3115 2334 3185; x_wconf 78' lang='lat' dir='ltr'><strong>cognoscatur.</strong></span> 
     </span>
    </p>

    <p class='ocr_par' dir='ltr' id='par_1_15' title="bbox 995 3202 2903 3866">
     <span class='ocr_line' id='line_1_38' title="bbox 1078 3202 2903 3298; baseline -0.001 -31"><span class='ocrx_word' id='word_1_228' title='bbox 1078 3211 1179 3268; x_wconf 78' lang='lat'><strong>36.</strong></span> <span class='ocrx_word' id='word_1_229' title='bbox 1222 3205 1556 3298; x_wconf 77' lang='lat' dir='ltr'><strong>Postquam</strong></span> <span class='ocrx_word' id='word_1_230' title='bbox 1590 3205 1842 3266; x_wconf 79' lang='lat' dir='ltr'><strong>insessor</strong></span> <span class='ocrx_word' id='word_1_231' title='bbox 1885 3203 2116 3284; x_wconf 80' lang='lat' dir='ltr'><strong>Syriaci</strong></span> <span class='ocrx_word' id='word_1_232' title='bbox 2151 3204 2314 3283; x_wconf 76' lang='lat' dir='ltr'><strong>regni</strong></span> <span class='ocrx_word' id='word_1_233' title='bbox 2347 3202 2592 3285; x_wconf 82' lang='lat' dir='ltr'><strong>Trypho</strong></span> <span class='ocrx_word' id='word_1_234' title='bbox 2623 3204 2903 3284; x_wconf 81' lang='lat' dir='ltr'><strong>superbia</strong></span> 
     </span>
     <span class='ocr_line' id='line_1_39' title="bbox 995 3299 2900 3382; baseline -0.001 -19"><span class='ocrx_word' id='word_1_235' title='bbox 995 3311 1059 3364; x_wconf 89' lang='lat' dir='ltr'><strong>et</strong></span> <span class='ocrx_word' id='word_1_236' title='bbox 1080 3302 1229 3362; x_wconf 86' lang='lat' dir='ltr'><strong>luxu</strong></span> <span class='ocrx_word' id='word_1_237' title='bbox 1258 3301 1513 3362; x_wconf 84' lang='lat' dir='ltr'><strong>militnm</strong></span> <span class='ocrx_word' id='word_1_238' title='bbox 1538 3301 1764 3361; x_wconf 85' lang='lat' dir='ltr'><strong>animos</strong></span> <span class='ocrx_word' id='word_1_239' title='bbox 1783 3300 2199 3371; x_wconf 83' lang='lat' dir='ltr'><strong>abalienasset,</strong></span> <span class='ocrx_word' id='word_1_240' title='bbox 2226 3299 2306 3360; x_wconf 78' lang='lat' dir='ltr'><strong>ad</strong></span> <span class='ocrx_word' id='word_1_241' title='bbox 2332 3299 2741 3382; x_wconf 82' lang='lat' dir='ltr'><strong>Cleopatram,</strong></span> <span class='ocrx_word' id='word_1_242' title='bbox 2771 3299 2900 3361; x_wconf 86' lang='lat' dir='ltr'><strong>De·</strong></span> 
     </span>
     <span class='ocr_line' id='line_1_40' title="bbox 997 3395 2898 3478; baseline -0.001 -18"><span class='ocrx_word' id='word_1_243' title='bbox 997 3400 1191 3462; x_wconf 88' lang='lat' dir='ltr'><strong>metrii</strong></span> <span class='ocrx_word' id='word_1_244' title='bbox 1230 3417 1498 3470; x_wconf 79' lang='lat' dir='ltr'><strong>uxorem,</strong></span> <span class='ocrx_word' id='word_1_245' title='bbox 1540 3415 1676 3478; x_wconf 82' lang='lat' dir='ltr'><strong>quae</strong></span> <span class='ocrx_word' id='word_1_246' title='bbox 1723 3417 1858 3458; x_wconf 86' lang='lat' dir='ltr'><strong>cum</strong></span> <span class='ocrx_word' id='word_1_247' title='bbox 1897 3396 2100 3458; x_wconf 87' lang='lat' dir='ltr'><strong>liberis</strong></span> <span class='ocrx_word' id='word_1_248' title='bbox 2134 3395 2425 3458; x_wconf 78' lang='lat' dir='ltr'><strong>Seleuciae</strong></span> <span class='ocrx_word' id='word_1_249' title='bbox 2453 3417 2518 3457; x_wconf 86' lang='lat' dir='ltr'><strong>se</strong></span> <span class='ocrx_word' id='word_1_250' title='bbox 2559 3397 2898 3468; x_wconf 73' lang='lat' dir='ltr'><strong>incluserat,</strong></span> 
     </span>
     <span class='ocr_line' id='line_1_41' title="bbox 998 3492 2897 3578; baseline -0.001 -22"><span class='ocrx_word' id='word_1_251' title='bbox 998 3497 1262 3578; x_wconf 86' lang='lat' dir='ltr'><strong>plerique</strong></span> <span class='ocrx_word' id='word_1_252' title='bbox 1286 3516 1349 3556; x_wconf 90' lang='lat' dir='ltr'><strong>se</strong></span> <span class='ocrx_word' id='word_1_253' title='bbox 1372 3494 1770 3555; x_wconf 88' lang='lat' dir='ltr'><strong>contulerunt.</strong></span> <span class='ocrx_word' id='word_1_254' title='bbox 1833 3492 2017 3554; x_wconf 87' lang='lat' dir='ltr'><strong>Unde</strong></span> <span class='ocrx_word' id='word_1_255' title='bbox 2045 3493 2173 3567; x_wconf 86' lang='lat' dir='ltr'><strong>illa,</strong></span> <span class='ocrx_word' id='word_1_256' title='bbox 2200 3494 2467 3554; x_wconf 79' lang='lat' dir='ltr'><strong>resumtis</strong></span> <span class='ocrx_word' id='word_1_257' title='bbox 2501 3493 2735 3564; x_wconf 83' lang='lat' dir='ltr'><strong>animis,</strong></span> <span class='ocrx_word' id='word_1_258' title='bbox 2759 3513 2897 3554; x_wconf 87' lang='lat' dir='ltr'><strong>cum</strong></span> 
     </span>
     <span class='ocr_line' id='line_1_42' title="bbox 998 3589 2895 3668; baseline -0.002 -15"><span class='ocrx_word' id='word_1_259' title='bbox 998 3593 1369 3654; x_wconf 85' lang='lat' dir='ltr'><strong>Antiochum</strong></span> <span class='ocrx_word' id='word_1_260' title='bbox 1412 3591 1521 3652; x_wconf 83' lang='lat' dir='ltr'><strong>viri</strong></span> <span class='ocrx_word' id='word_1_261' title='bbox 1556 3591 1648 3651; x_wconf 86' lang='lat' dir='ltr'><strong>sui</strong></span> <span class='ocrx_word' id='word_1_262' title='bbox 1683 3589 1922 3650; x_wconf 83' lang='lat' dir='ltr'><strong>fratrem</strong></span> <span class='ocrx_word' id='word_1_263' title='bbox 1953 3598 2081 3650; x_wconf 91' lang='lat' dir='ltr'><strong>toto</strong></span> <span class='ocrx_word' id='word_1_264' title='bbox 2111 3609 2290 3668; x_wconf 80' lang='lat' dir='ltr'><strong>regno</strong></span> <span class='ocrx_word' id='word_1_265' title='bbox 2313 3589 2586 3652; x_wconf 87' lang='lat' dir='ltr'><strong>oberrare</strong></span> <span class='ocrx_word' id='word_1_266' title='bbox 2611 3600 2895 3660; x_wconf 85' lang='lat' dir='ltr'><strong>cerneret,</strong></span> 
     </span>
     <span class='ocr_line' id='line_1_43' title="bbox 998 3685 2898 3768; baseline -0.002 -18"><span class='ocrx_word' id='word_1_267' title='bbox 998 3694 1189 3766; x_wconf 77' lang='lat' dir='ltr'><strong>(metu</strong></span> <span class='ocrx_word' id='word_1_268' title='bbox 1230 3689 1387 3751; x_wconf 87' lang='lat' dir='ltr'><strong>enim</strong></span> <span class='ocrx_word' id='word_1_269' title='bbox 1426 3686 1762 3768; x_wconf 73' lang='lat' dir='ltr'><strong>Tryphonis</strong></span> <span class='ocrx_word' id='word_1_270' title='bbox 1801 3687 2012 3749; x_wconf 76' lang='lat' dir='ltr'><strong>civitas</strong></span> <span class='ocrx_word' id='word_1_271' title='bbox 2053 3705 2188 3746; x_wconf 88' lang='lat' dir='ltr'><strong>eum</strong></span> <span class='ocrx_word' id='word_1_272' title='bbox 2219 3685 2384 3746; x_wconf 86' lang='lat' dir='ltr'><strong>nulla</strong></span> <span class='ocrx_word' id='word_1_273' title='bbox 2407 3686 2782 3767; x_wconf 85' lang='lat' dir='ltr'><strong>recipiebat,)</strong></span> <span class='ocrx_word' id='word_1_274' title='bbox 2819 3686 2898 3746; x_wconf 87' lang='lat' dir='ltr'><strong>ad</strong></span> 
     </span>
     <span class='ocr_line' id='line_1_44' title="bbox 996 3775 2898 3866; baseline -0.002 -18"><span class='ocrx_word' id='word_1_275' title='bbox 996 3788 1251 3848; x_wconf 80' lang='lat' dir='ltr'><strong>rationes</strong></span> <span class='ocrx_word' id='word_1_276' title='bbox 1284 3785 1584 3866; x_wconf 82' lang='lat' dir='ltr'><strong>utriusque</strong></span> <span class='ocrx_word' id='word_1_277' title='bbox 1622 3781 1869 3844; x_wconf 86' lang='lat' dir='ltr'><strong>mirifice</strong></span> <span class='ocrx_word' id='word_1_278' title='bbox 1895 3775 2202 3862; x_wconf 37' lang='lat' dir='ltr'><strong>,pertinere</strong></span> <span class='ocrx_word' id='word_1_279' title='bbox 2233 3782 2508 3854; x_wconf 89' lang='lat' dir='ltr'><strong>credidit,</strong></span> <span class='ocrx_word' id='word_1_280' title='bbox 2531 3782 2582 3842; x_wconf 86' lang='lat' dir='ltr'><strong>si</strong></span> <span class='ocrx_word' id='word_1_281' title='bbox 2615 3783 2898 3844; x_wconf 76' lang='lat' dir='ltr'><strong>societate</strong></span> 
     </span>
    </p>
   </div>
   <div class='ocr_carea' id='block_1_14' title="bbox 994 4030 2900 4167">
    <p class='ocr_par' dir='ltr' id='par_1_16' title="bbox 994 4030 2900 4167">
     <span class='ocr_line' id='line_1_45' title="bbox 1056 4030 2900 4099; baseline -0.003 -11"><span class='ocrx_word' id='word_1_282' title='bbox 1056 4037 1081 4074; x_wconf 76' lang='lat'><strong>‘¹</strong></span> <span class='ocrx_word' id='word_1_283' title='bbox 1116 4037 1270 4099; x_wconf 68' lang='lat' dir='ltr'><strong>Regis</strong></span> <span class='ocrx_word' id='word_1_284' title='bbox 1294 4035 1525 4086; x_wconf 66' lang='lat' dir='ltr'><strong>Antiochi</strong></span> <span class='ocrx_word' id='word_1_285' title='bbox 1545 4033 1720 4098; x_wconf 67' lang='lat' dir='ltr'><strong>leg-aen]</strong></span> <span class='ocrx_word' id='word_1_286' title='bbox 1757 4033 1907 4083; x_wconf 88' lang='lat' dir='ltr'><strong>Cice·</strong></span> <span class='ocrx_word' id='word_1_287' title='bbox 1975 4030 2113 4081; x_wconf 81' lang='lat' dir='ltr'><strong>hand</strong></span> <span class='ocrx_word' id='word_1_288' title='bbox 2137 4030 2292 4082; x_wconf 74' lang='lat' dir='ltr'><strong>facile</strong></span> <span class='ocrx_word' id='word_1_289' title='bbox 2316 4030 2682 4083; x_wconf 72' lang='lat' dir='ltr'><strong>decernimuuz</strong></span> <span class='ocrx_word' id='word_1_290' title='bbox 2708 4037 2900 4083; x_wconf 70' lang='lat' dir='ltr'><strong>tamet-</strong></span> 
     </span>
     <span class='ocr_line' id='line_1_46' title="bbox 994 4097 2898 4167; baseline -0.004 -15"><span class='ocrx_word' id='word_1_291' title='bbox 994 4113 1071 4165; x_wconf 68' lang='grc' dir='ltr'><strong>νο,</strong></span> <span class='ocrx_word' id='word_1_292' title='bbox 1091 4117 1243 4167; x_wconf 85' lang='lat' dir='ltr'><strong>quem</strong></span> <span class='ocrx_word' id='word_1_293' title='bbox 1269 4117 1448 4165; x_wconf 72' lang='lat' dir='ltr'><strong>margo</strong></span> <span class='ocrx_word' id='word_1_294' title='bbox 1476 4109 1666 4150; x_wconf 73' lang='lat' dir='ltr'><strong>testem</strong></span> <span class='ocrx_word' id='word_1_295' title='bbox 1697 4099 1910 4160; x_wconf 77' lang='lat' dir='ltr'><strong>allegat,</strong></span> <span class='ocrx_word' id='word_1_296' title='bbox 1979 4099 2024 4145; x_wconf 85' lang='lat' dir='ltr'><strong>si</strong></span> <span class='ocrx_word' id='word_1_297' title='bbox 2059 4097 2266 4146; x_wconf 72' lang='lat' dir='ltr'><strong>Fulvia·</strong></span> <span class='ocrx_word' id='word_1_298' title='bbox 2311 4097 2536 4150; x_wconf 72' lang='lat' dir='ltr'><strong>Ursinus</strong></span> <span class='ocrx_word' id='word_1_299' title='bbox 2585 4099 2640 4146; x_wconf 88' lang='lat' dir='ltr'><strong>in</strong></span> <span class='ocrx_word' id='word_1_300' title='bbox 2675 4107 2802 4148; x_wconf 76' lang='lat' dir='ltr'><strong>nota</strong></span> <span class='ocrx_word' id='word_1_301' title='bbox 2827 4099 2898 4148; x_wconf 76' lang='lat' dir='ltr'><strong>ad</strong></span> 
     </span>
    </p>
   </div>
   <div class='ocr_carea' id='block_1_15' title="bbox 905 4161 2896 4229">
    <p class='ocr_par' dir='ltr' id='par_1_17' title="bbox 905 4161 2896 4229">
     <span class='ocr_line' id='line_1_47' title="bbox 905 4161 2896 4229; baseline -0.003 -11"><span class='ocrx_word' id='word_1_302' title='bbox 905 4166 913 4176; x_wconf 89' lang='lat'>&#39;</span> <span class='ocrx_word' id='word_1_303' title='bbox 994 4183 1095 4218; x_wconf 86' lang='lat' dir='ltr'><strong>non</strong></span> <span class='ocrx_word' id='word_1_304' title='bbox 1132 4169 1199 4217; x_wconf 81' lang='lat' dir='ltr'><strong>ab</strong></span> <span class='ocrx_word' id='word_1_305' title='bbox 1222 4167 1479 4229; x_wconf 64' lang='lat' dir='ltr'><strong>Antioche,</strong></span> <span class='ocrx_word' id='word_1_306' title='bbox 1512 4165 1605 4214; x_wconf 75' lang='lat' dir='ltr'><strong>aed</strong></span> <span class='ocrx_word' id='word_1_307' title='bbox 1640 4164 1706 4212; x_wconf 76' lang='lat' dir='ltr'><strong>ab</strong></span> <span class='ocrx_word' id='word_1_308' title='bbox 1743 4163 1910 4213; x_wconf 75' lang='lat' dir='ltr'><strong>Attalo</strong></span> <span class='ocrx_word' id='word_1_309' title='bbox 1981 4177 2097 4210; x_wconf 84' lang='lat' dir='ltr'><strong>enm</strong></span> <span class='ocrx_word' id='word_1_310' title='bbox 2119 4161 2563 4212; x_wconf 83' lang='lat' dir='ltr'><strong>Ciceronislocum</strong></span> <span class='ocrx_word' id='word_1_311' title='bbox 2581 4163 2650 4212; x_wconf 84' lang='lat' dir='ltr'><strong>de</strong></span> <span class='ocrx_word' id='word_1_312' title='bbox 2669 4163 2896 4228; x_wconf 71' lang='lat' dir='ltr'><strong>quoagi-</strong></span> 
     </span>
    </p>
   </div>
   <div class='ocr_carea' id='block_1_16' title="bbox 991 4227 2900 4490">
    <p class='ocr_par' dir='ltr' id='par_1_18' title="bbox 991 4227 2900 4490">
     <span class='ocr_line' id='line_1_48' title="bbox 992 4227 2900 4294; baseline -0.003 -12"><span class='ocrx_word' id='word_1_313' title='bbox 992 4246 1209 4282; x_wconf 79' lang='lat' dir='ltr'><strong>munera</strong></span> <span class='ocrx_word' id='word_1_314' title='bbox 1224 4231 1459 4294; x_wconf 80' lang='lat' dir='ltr'><strong>Scipioni</strong></span> <span class='ocrx_word' id='word_1_315' title='bbox 1482 4229 1550 4279; x_wconf 76' lang='lat' dir='ltr'><strong>ad</strong></span> <span class='ocrx_word' id='word_1_316' title='bbox 1574 4229 1910 4280; x_wconf 77' lang='lat' dir='ltr'><strong>Numantiam</strong></span> <span class='ocrx_word' id='word_1_317' title='bbox 1985 4242 2116 4282; x_wconf 76' lang='grc' dir='ltr'><strong>ιιιιιη,</strong></span> <span class='ocrx_word' id='word_1_318' title='bbox 2141 4228 2223 4276; x_wconf 80' lang='lat' dir='ltr'><strong>vel</strong></span> <span class='ocrx_word' id='word_1_319' title='bbox 2259 4227 2329 4277; x_wconf 89' lang='lat' dir='ltr'><strong>ibi</strong></span> <span class='ocrx_word' id='word_1_320' title='bbox 2367 4227 2642 4291; x_wconf 73' lang='lat' dir='ltr'><strong>legendum</strong></span> <span class='ocrx_word' id='word_1_321' title='bbox 2673 4242 2785 4277; x_wconf 72' lang='lat' dir='ltr'><strong>ease</strong></span> <span class='ocrx_word' id='word_1_322' title='bbox 2805 4243 2900 4278; x_wconf 71' lang='lat' dir='ltr'><strong>rex</strong></span> 
     </span>
     <span class='ocr_line' id='line_1_49' title="bbox 993 4291 2895 4358; baseline -0.004 -11"><span class='ocrx_word' id='word_1_323' title='bbox 993 4299 1153 4348; x_wconf 75' lang='lat' dir='ltr'><strong>missa</strong></span> <span class='ocrx_word' id='word_1_324' title='bbox 1176 4293 1360 4346; x_wconf 75' lang='lat' dir='ltr'><strong>refert.</strong></span> <span class='ocrx_word' id='word_1_325' title='bbox 1422 4295 1573 4344; x_wconf 71' lang='lat' dir='ltr'><strong>utri·</strong></span> <span class='ocrx_word' id='word_1_326' title='bbox 1608 4294 1784 4358; x_wconf 79' lang='lat' dir='ltr'><strong>potins</strong></span> <span class='ocrx_word' id='word_1_327' title='bbox 1818 4307 1910 4342; x_wconf 77' lang='lat' dir='ltr'><strong>ex·</strong></span> <span class='ocrx_word' id='word_1_328' title='bbox 1983 4291 2252 4342; x_wconf 65' lang='lat' dir='ltr'><strong>Antiochus</strong></span> <span class='ocrx_word' id='word_1_329' title='bbox 2274 4301 2478 4353; x_wconf 83' lang='lat' dir='ltr'><strong>censet,</strong></span> <span class='ocrx_word' id='word_1_330' title='bbox 2513 4293 2596 4344; x_wconf 76' lang='lat' dir='ltr'><strong>vel</strong></span> <span class='ocrx_word' id='word_1_331' title='bbox 2625 4291 2785 4356; x_wconf 75' lang='lat' dir='ltr'><strong>ipsine</strong></span> <span class='ocrx_word' id='word_1_332' title='bbox 2808 4293 2895 4341; x_wconf 81' lang='lat' dir='ltr'><strong>Ci-</strong></span> 
     </span>
     <span class='ocr_line' id='line_1_50' title="bbox 992 4355 2896 4426; baseline -0.003 -14"><span class='ocrx_word' id='word_1_333' title='bbox 992 4361 1305 4426; x_wconf 70' lang='lat' dir='ltr'><strong>emplaribns</strong></span> <span class='ocrx_word' id='word_1_334' title='bbox 1326 4359 1565 4410; x_wconf 75' lang='lat' dir='ltr'><strong>standum</strong></span> <span class='ocrx_word' id='word_1_335' title='bbox 1589 4361 1679 4422; x_wconf 70' lang='lat' dir='ltr'><strong>sit,</strong></span> <span class='ocrx_word' id='word_1_336' title='bbox 1695 4357 1906 4408; x_wconf 84' lang='lat' dir='ltr'><strong>Cicero·</strong></span> <span class='ocrx_word' id='word_1_337' title='bbox 1979 4357 2182 4406; x_wconf 71' lang='lat' dir='ltr'><strong>cer-onis</strong></span> <span class='ocrx_word' id='word_1_338' title='bbox 2201 4355 2361 4409; x_wconf 73' lang='lat' dir='ltr'><strong>fuisse</strong></span> <span class='ocrx_word' id='word_1_339' title='bbox 2381 4355 2666 4418; x_wconf 68' lang='grc' dir='ltr'><strong>μνημονικὸν</strong></span> <span class='ocrx_word' id='word_1_340' title='bbox 2681 4356 2896 4422; x_wconf 60' lang='lat' dir='ltr'><strong>&amp;adpra-</strong></span> 
     </span>
     <span class='ocr_line' id='line_1_51' title="bbox 991 4423 2249 4490; baseline -0.006 -12"><span class='ocrx_word' id='word_1_341' title='bbox 991 4428 1161 4490; x_wconf 73' lang='lat' dir='ltr'><strong>nisne,</strong></span> <span class='ocrx_word' id='word_1_342' title='bbox 1210 4439 1277 4476; x_wconf 85' lang='lat' dir='ltr'><strong>an</strong></span> <span class='ocrx_word' id='word_1_343' title='bbox 1326 4425 1560 4476; x_wconf 67' lang='lat' dir='ltr'><strong>Liviana</strong></span> <span class='ocrx_word' id='word_1_344' title='bbox 1616 4425 1908 4488; x_wconf 78' lang='lat' dir='ltr'><strong>Epitomes,</strong></span> <span class='ocrx_word' id='word_1_345' title='bbox 1975 4440 2058 4483; x_wconf 66' lang='lat' dir='ltr'><strong>ua.</strong></span> <span class='ocrx_word' id='word_1_346' title='bbox 2107 4423 2249 4471; x_wconf 76' lang='lat' dir='ltr'><strong>Creu.</strong></span> 
     </span>
    </p>
   </div>
  </div>
 </body>
</html>
