<?xml version="1.0" encoding="UTF-8"?>
<!DOCTYPE html PUBLIC "-//W3C//DTD XHTML 1.0 Transitional//EN"
    "http://www.w3.org/TR/xhtml1/DTD/xhtml1-transitional.dtd">
<html xmlns="http://www.w3.org/1999/xhtml" xml:lang="en" lang="en">
 <head>
  <title>
</title>
<meta http-equiv="Content-Type" content="text/html;charset=utf-8" />
  <meta name='ocr-system' content='tesseract 3.04.00' />
  <meta name='ocr-capabilities' content='ocr_page ocr_carea ocr_par ocr_line ocrx_word'/>
</head>
<body>
  <div class='ocr_page' id='page_1' title='image "./tliviipatavinih36unkngoog_0265.png"; bbox 0 0 3225 5242; ppageno 0'>
   <div class='ocr_carea' id='block_1_1' title="bbox 707 544 2414 626">
    <p class='ocr_par' dir='ltr' id='par_1_1' title="bbox 707 544 2414 626">
     <span class='ocr_line' id='line_1_1' title="bbox 707 544 2414 626; baseline 0.002 -4"><span class='ocrx_word' id='word_1_1' title='bbox 707 574 914 624; x_wconf 78' lang='lat' dir='ltr'><strong>msm</strong></span> <span class='ocrx_word' id='word_1_2' title='bbox 964 572 1166 623; x_wconf 68' lang='lat'><strong>10:111.</strong></span> <span class='ocrx_word' id='word_1_3' title='bbox 1207 573 1893 626; x_wconf 60' lang='lat' dir='ltr'><strong>susannam-uu..</strong></span> <span class='ocrx_word' id='word_1_4' title='bbox 2218 544 2414 625; x_wconf 74' lang='lat'><strong>’4211</strong></span> 
     </span>
    </p>
   </div>
   <div class='ocr_carea' id='block_1_2' title="bbox 161 710 2401 4298">
    <p class='ocr_par' dir='ltr' id='par_1_2' title="bbox 179 710 2401 891">
     <span class='ocr_line' id='line_1_2' title="bbox 183 710 2401 795; baseline 0.001 -21"><span class='ocrx_word' id='word_1_5' title='bbox 183 712 346 775; x_wconf 90' lang='lat' dir='ltr'><strong>bello</strong></span> <span class='ocrx_word' id='word_1_6' title='bbox 383 712 600 774; x_wconf 85' lang='lat' dir='ltr'><strong>multas</strong></span> <span class='ocrx_word' id='word_1_7' title='bbox 642 712 802 795; x_wconf 84' lang='lat' dir='ltr'><strong>apud</strong></span> <span class='ocrx_word' id='word_1_8' title='bbox 845 710 1157 775; x_wconf 83' lang='lat' dir='ltr'><strong>Romanos</strong></span> <span class='ocrx_word' id='word_1_9' title='bbox 1205 712 1464 795; x_wconf 74' lang='lat' dir='ltr'><strong>insignes</strong></span> <span class='ocrx_word' id='word_1_10' title='bbox 1501 713 1794 775; x_wconf 84' lang='lat' dir='ltr'><strong>amicitias</strong></span> <span class='ocrx_word' id='word_1_11' title='bbox 1826 722 2087 787; x_wconf 72' lang='lat' dir='ltr'><strong>nactum,</strong></span> <span class='ocrx_word' id='word_1_12' title='bbox 2145 710 2263 765; x_wconf 77' lang='lat'><strong>8⁸¹¹·</strong></span> <span class='ocrx_word' id='word_1_13' title='bbox 2283 712 2349 765; x_wconf 70' lang='lat'><strong>³⁸¹</strong></span> <span class='ocrx_word' id='word_1_14' title='bbox 2320 728 2401 777; x_wconf 58' lang='lat'><strong>⁸¹&amp;</strong></span> 
     </span>
     <span class='ocr_line' id='line_1_3' title="bbox 179 792 2140 891; baseline -0.001 -21"><span class='ocrx_word' id='word_1_15' title='bbox 179 812 324 891; x_wconf 86' lang='lat' dir='ltr'><strong>quia</strong></span> <span class='ocrx_word' id='word_1_16' title='bbox 347 830 456 891; x_wconf 87' lang='lat' dir='ltr'><strong>per</strong></span> <span class='ocrx_word' id='word_1_17' title='bbox 477 808 718 870; x_wconf 83' lang='lat' dir='ltr'><strong>insidias</strong></span> <span class='ocrx_word' id='word_1_18' title='bbox 740 808 948 871; x_wconf 88' lang='lat' dir='ltr'><strong>tollere</strong></span> <span class='ocrx_word' id='word_1_19' title='bbox 973 829 1088 871; x_wconf 88' lang='lat' dir='ltr'><strong>non</strong></span> <span class='ocrx_word' id='word_1_20' title='bbox 1115 818 1244 870; x_wconf 82' lang='lat' dir='ltr'><strong>erat</strong></span> <span class='ocrx_word' id='word_1_21' title='bbox 1265 829 1464 882; x_wconf 81' lang='lat' dir='ltr'><strong>ausus,</strong></span> <span class='ocrx_word' id='word_1_22' title='bbox 1479 808 1775 872; x_wconf 85' lang='lat' dir='ltr'><strong>beneficio</strong></span> <span class='ocrx_word' id='word_1_23' title='bbox 1796 811 1913 871; x_wconf 89' lang='lat' dir='ltr'><strong>sibi</strong></span> <span class='ocrx_word' id='word_1_24' title='bbox 1938 792 2140 870; x_wconf 77' lang='lat' dir='ltr'><strong>libe-⁰</strong></span> 
     </span>
    </p>

    <p class='ocr_par' dir='ltr' id='par_1_3' title="bbox 177 892 2089 987">
     <span class='ocr_line' id='line_1_4' title="bbox 177 892 2089 987; baseline 0 -20"><span class='ocrx_word' id='word_1_25' title='bbox 177 908 378 987; x_wconf 78' lang='lat' dir='ltr'><strong>risque</strong></span> <span class='ocrx_word' id='word_1_26' title='bbox 409 908 532 967; x_wconf 84' lang='lat' dir='ltr'><strong>suis</strong></span> <span class='ocrx_word' id='word_1_27' title='bbox 562 906 969 986; x_wconf 74' lang='lat' dir='ltr'>obstringeret.</span> <span class='ocrx_word' id='word_1_28' title='bbox 1051 905 1246 967; x_wconf 85' lang='lat' dir='ltr'><strong>Haud</strong></span> <span class='ocrx_word' id='word_1_29' title='bbox 1279 892 1480 968; x_wconf 82' lang='lat' dir='ltr'><strong>multis</strong></span> <span class='ocrx_word' id='word_1_30' title='bbox 1511 915 1651 969; x_wconf 87' lang='lat' dir='ltr'><strong>ante</strong></span> <span class='ocrx_word' id='word_1_31' title='bbox 1686 916 1937 969; x_wconf 88' lang='lat' dir='ltr'><strong>mortem</strong></span> <span class='ocrx_word' id='word_1_32' title='bbox 1960 906 2089 967; x_wconf 90' lang='lat' dir='ltr'><strong>die-</strong></span> 
     </span>
    </p>

    <p class='ocr_par' dir='ltr' id='par_1_4' title="bbox 177 1003 2087 1086">
     <span class='ocr_line' id='line_1_5' title="bbox 177 1003 2087 1086; baseline 0.002 -24"><span class='ocrx_word' id='word_1_33' title='bbox 177 1003 314 1075; x_wconf 89' lang='lat' dir='ltr'><strong>bus,</strong></span> <span class='ocrx_word' id='word_1_34' title='bbox 368 1012 725 1086; x_wconf 56' lang='lat' dir='ltr'><strong>conuocatos</strong></span> <span class='ocrx_word' id='word_1_35' title='bbox 783 1022 1010 1077; x_wconf 85' lang='lat' dir='ltr'><strong>omnes,</strong></span> <span class='ocrx_word' id='word_1_36' title='bbox 1054 1005 1326 1083; x_wconf 78' lang='lat' dir='ltr'><strong>cognatis</strong></span> <span class='ocrx_word' id='word_1_37' title='bbox 1387 1024 1462 1067; x_wconf 83' lang='lat' dir='ltr'><strong>ac</strong></span> <span class='ocrx_word' id='word_1_38' title='bbox 1517 1004 1725 1067; x_wconf 88' lang='lat' dir='ltr'><strong>amicis</strong></span> <span class='ocrx_word' id='word_1_39' title='bbox 1782 1004 2087 1077; x_wconf 88' lang='lat' dir='ltr'><strong>adhibitis,</strong></span> 
     </span>
    </p>

    <p class='ocr_par' dir='ltr' id='par_1_5' title="bbox 177 1094 2261 1177">
     <span class='ocr_line' id='line_1_6' title="bbox 177 1094 2261 1177; baseline 0.002 -18"><span class='ocrx_word' id='word_1_40' title='bbox 177 1100 348 1177; x_wconf 81' lang='lat' dir='ltr'><strong>gravi</strong></span> <span class='ocrx_word' id='word_1_41' title='bbox 381 1100 648 1161; x_wconf 86' lang='lat' dir='ltr'><strong>oratione</strong></span> <span class='ocrx_word' id='word_1_42' title='bbox 679 1100 1008 1172; x_wconf 78' lang='lat' dir='ltr'><strong>admonuit,</strong></span> <span class='ocrx_word' id='word_1_43' title='bbox 1049 1108 1069 1137; x_wconf 77' lang='lat'><em>⁶</em></span> <span class='ocrx_word' id='word_1_44' title='bbox 1096 1100 1476 1163; x_wconf 89' lang='lat' dir='ltr'><strong>concordiam</strong></span> <span class='ocrx_word' id='word_1_45' title='bbox 1513 1102 1671 1171; x_wconf 84' lang='lat' dir='ltr'><strong>inter</strong></span> <span class='ocrx_word' id='word_1_46' title='bbox 1704 1122 1769 1163; x_wconf 91' lang='lat' dir='ltr'><strong>se</strong></span> <span class='ocrx_word' id='word_1_47' title='bbox 1802 1101 2085 1163; x_wconf 81' lang='lat' dir='ltr'><strong>colerent.</strong></span> <span class='ocrx_word' id='word_1_48' title='bbox 2111 1107 2158 1143; x_wconf 58' lang='grc' dir='ltr'><strong>θ·</strong></span> <span class='ocrx_word' id='word_1_49' title='bbox 2179 1094 2261 1142; x_wconf 82' lang='lat'><strong>¹⁰·</strong></span> 
     </span>
    </p>

    <p class='ocr_par' dir='ltr' id='par_1_6' title="bbox 171 1191 2087 1471">
     <span class='ocr_line' id='line_1_7' title="bbox 177 1191 2085 1281; baseline 0.003 -26"><span class='ocrx_word' id='word_1_50' title='bbox 177 1195 260 1256; x_wconf 89' lang='lat' dir='ltr'><strong>Id</strong></span> <span class='ocrx_word' id='word_1_51' title='bbox 287 1197 338 1257; x_wconf 89' lang='lat' dir='ltr'><strong>si</strong></span> <span class='ocrx_word' id='word_1_52' title='bbox 363 1196 659 1269; x_wconf 70' lang='lat' dir='ltr'><strong>fecissent,</strong></span> <span class='ocrx_word' id='word_1_53' title='bbox 686 1198 940 1259; x_wconf 82' lang='lat' dir='ltr'><strong>invictas</strong></span> <span class='ocrx_word' id='word_1_54' title='bbox 960 1191 1162 1259; x_wconf 82' lang='lat' dir='ltr'><strong>eonun</strong></span> <span class='ocrx_word' id='word_1_55' title='bbox 1184 1219 1364 1281; x_wconf 81' lang='lat' dir='ltr'><strong>opes3</strong></span> <span class='ocrx_word' id='word_1_56' title='bbox 1393 1198 1482 1259; x_wconf 91' lang='lat' dir='ltr'><strong>sin</strong></span> <span class='ocrx_word' id='word_1_57' title='bbox 1509 1220 1675 1273; x_wconf 81' lang='lat' dir='ltr'><strong>vero,</strong></span> <span class='ocrx_word' id='word_1_58' title='bbox 1700 1197 1896 1261; x_wconf 82' lang='lat' dir='ltr'><strong>fluxas</strong></span> <span class='ocrx_word' id='word_1_59' title='bbox 1918 1208 1983 1261; x_wconf 90' lang='lat' dir='ltr'><strong>et</strong></span> <span class='ocrx_word' id='word_1_60' title='bbox 2006 1198 2085 1260; x_wconf 86' lang='lat' dir='ltr'><strong>ad</strong></span> 
     </span>
     <span class='ocr_line' id='line_1_8' title="bbox 175 1292 2087 1377; baseline 0.002 -26"><span class='ocrx_word' id='word_1_61' title='bbox 175 1292 480 1353; x_wconf 87' lang='lat' dir='ltr'><strong>interitum</strong></span> <span class='ocrx_word' id='word_1_62' title='bbox 529 1313 746 1376; x_wconf 86' lang='lat' dir='ltr'><strong>pronas</strong></span> <span class='ocrx_word' id='word_1_63' title='bbox 793 1292 962 1354; x_wconf 65' lang='lat' dir='ltr'><strong>fore!</strong></span> <span class='ocrx_word' id='word_1_64' title='bbox 1067 1292 1382 1356; x_wconf 76' lang='lat' dir='ltr'><strong>veriorem</strong></span> <span class='ocrx_word' id='word_1_65' title='bbox 1420 1295 1602 1357; x_wconf 87' lang='lat' dir='ltr'><strong>fuisse</strong></span> <span class='ocrx_word' id='word_1_66' title='bbox 1638 1304 1862 1369; x_wconf 78' lang='lat' dir='ltr'><strong>vatem,</strong></span> <span class='ocrx_word' id='word_1_67' title='bbox 1906 1314 2087 1377; x_wconf 86' lang='lat' dir='ltr'><strong>quam</strong></span> 
     </span>
     <span class='ocr_line' id='line_1_9' title="bbox 171 1385 1667 1471; baseline 0.004 -24"><span class='ocrx_word' id='word_1_68' title='bbox 171 1385 504 1450; x_wconf 79' lang='lat' dir='ltr'><strong>feliciorem</strong></span> <span class='ocrx_word' id='word_1_69' title='bbox 537 1389 958 1461; x_wconf 73' lang='lat' dir='ltr'><strong>consiliarium,</strong></span> <span class='ocrx_word' id='word_1_70' title='bbox 981 1392 1290 1471; x_wconf 88' lang='lat' dir='ltr'><strong>sequentia</strong></span> <span class='ocrx_word' id='word_1_71' title='bbox 1319 1392 1667 1453; x_wconf 89' lang='lat' dir='ltr'><strong>docuerunt.</strong></span> 
     </span>
    </p>

    <p class='ocr_par' dir='ltr' id='par_1_7' title="bbox 167 1486 2089 2837">
     <span class='ocr_line' id='line_1_10' title="bbox 256 1486 2085 1569; baseline 0.002 -24"><span class='ocrx_word' id='word_1_72' title='bbox 256 1492 320 1545; x_wconf 75' lang='lat'><strong>3.</strong></span> <span class='ocrx_word' id='word_1_73' title='bbox 364 1486 820 1569; x_wconf 75' lang='lat' dir='ltr'><strong>Quamprimum</strong></span> <span class='ocrx_word' id='word_1_74' title='bbox 854 1488 1012 1549; x_wconf 90' lang='lat' dir='ltr'><strong>enim</strong></span> <span class='ocrx_word' id='word_1_75' title='bbox 1039 1488 1210 1567; x_wconf 83' lang='lat' dir='ltr'><strong>justa</strong></span> <span class='ocrx_word' id='word_1_76' title='bbox 1237 1496 1472 1550; x_wconf 88' lang='lat' dir='ltr'><strong>mortuo</strong></span> <span class='ocrx_word' id='word_1_77' title='bbox 1511 1487 1789 1550; x_wconf 80' lang='lat' dir='ltr'><strong>exsoluta</strong></span> <span class='ocrx_word' id='word_1_78' title='bbox 1830 1487 2085 1560; x_wconf 82' lang='lat' dir='ltr'><strong>fuerant,</strong></span> 
     </span>
     <span class='ocr_line' id='line_1_11' title="bbox 171 1584 2084 1669; baseline 0.002 -27"><span class='ocrx_word' id='word_1_79' title='bbox 171 1584 473 1663; x_wconf 71' lang='lat' dir='ltr'><strong>congr-emi</strong></span> <span class='ocrx_word' id='word_1_80' title='bbox 491 1584 554 1644; x_wconf 89' lang='lat' dir='ltr'><strong>in</strong></span> <span class='ocrx_word' id='word_1_81' title='bbox 580 1603 762 1645; x_wconf 87' lang='lat' dir='ltr'><strong>unum</strong></span> <span class='ocrx_word' id='word_1_82' title='bbox 787 1585 994 1665; x_wconf 80' lang='lat' dir='ltr'><strong>reg-nli,</strong></span> <span class='ocrx_word' id='word_1_83' title='bbox 1023 1594 1092 1647; x_wconf 85' lang='lat' dir='ltr'><strong>ut</strong></span> <span class='ocrx_word' id='word_1_84' title='bbox 1111 1586 1188 1647; x_wconf 88' lang='lat' dir='ltr'><strong>de</strong></span> <span class='ocrx_word' id='word_1_85' title='bbox 1213 1584 1638 1651; x_wconf 75' lang='lat' dir='ltr'><strong>constituendis</strong></span> <span class='ocrx_word' id='word_1_86' title='bbox 1654 1587 1831 1649; x_wconf 87' lang='lat' dir='ltr'><strong>rebus</strong></span> <span class='ocrx_word' id='word_1_87' title='bbox 1852 1585 2084 1669; x_wconf 80' lang='lat' dir='ltr'><strong>delibe-</strong></span> 
     </span>
     <span class='ocr_line' id='line_1_12' title="bbox 173 1679 2086 1763; baseline 0.002 -25"><span class='ocrx_word' id='word_1_88' title='bbox 173 1686 400 1752; x_wconf 87' lang='lat' dir='ltr'><strong>rarent,</strong></span> <span class='ocrx_word' id='word_1_89' title='bbox 445 1679 598 1741; x_wconf 88' lang='lat' dir='ltr'><strong>illud</strong></span> <span class='ocrx_word' id='word_1_90' title='bbox 635 1679 1060 1743; x_wconf 88' lang='lat' dir='ltr'><strong>discordiarum</strong></span> <span class='ocrx_word' id='word_1_91' title='bbox 1100 1682 1439 1745; x_wconf 85' lang='lat' dir='ltr'><strong>incendium</strong></span> <span class='ocrx_word' id='word_1_92' title='bbox 1483 1684 1918 1753; x_wconf 82' lang='lat' dir='ltr'><strong>excitaverunt,</strong></span> <span class='ocrx_word' id='word_1_93' title='bbox 1962 1702 2086 1763; x_wconf 90' lang='lat' dir='ltr'><strong>quo</strong></span> 
     </span>
     <span class='ocr_line' id='line_1_13' title="bbox 173 1776 2087 1860; baseline 0.001 -23"><span class='ocrx_word' id='word_1_94' title='bbox 173 1776 386 1859; x_wconf 85' lang='lat' dir='ltr'><strong>paucis</strong></span> <span class='ocrx_word' id='word_1_95' title='bbox 407 1776 623 1838; x_wconf 88' lang='lat' dir='ltr'><strong>deinde</strong></span> <span class='ocrx_word' id='word_1_96' title='bbox 659 1780 832 1839; x_wconf 89' lang='lat' dir='ltr'><strong>annis</strong></span> <span class='ocrx_word' id='word_1_97' title='bbox 855 1778 1190 1841; x_wconf 74' lang='lat' dir='ltr'><strong>Masinissae</strong></span> <span class='ocrx_word' id='word_1_98' title='bbox 1214 1778 1448 1852; x_wconf 89' lang='lat' dir='ltr'><strong>domus,</strong></span> <span class='ocrx_word' id='word_1_99' title='bbox 1471 1799 1834 1860; x_wconf 76' lang='lat' dir='ltr'><strong>regnumque</strong></span> <span class='ocrx_word' id='word_1_100' title='bbox 1860 1778 2087 1841; x_wconf 85' lang='lat' dir='ltr'><strong>Numi-</strong></span> 
     </span>
     <span class='ocr_line' id='line_1_14' title="bbox 171 1872 2087 1959; baseline 0.001 -24"><span class='ocrx_word' id='word_1_101' title='bbox 171 1872 292 1935; x_wconf 75' lang='lat' dir='ltr'><strong>diae</strong></span> <span class='ocrx_word' id='word_1_102' title='bbox 317 1872 728 1955; x_wconf 78' lang='lat' dir='ltr'><strong>conflagravit.</strong></span> <span class='ocrx_word' id='word_1_103' title='bbox 825 1876 1175 1938; x_wconf 71' lang='lat' dir='ltr'><strong>Ambitione</strong></span> <span class='ocrx_word' id='word_1_104' title='bbox 1199 1897 1272 1939; x_wconf 87' lang='lat' dir='ltr'><strong>ac</strong></span> <span class='ocrx_word' id='word_1_105' title='bbox 1297 1874 1522 1959; x_wconf 83' lang='lat' dir='ltr'><strong>perfido</strong></span> <span class='ocrx_word' id='word_1_106' title='bbox 1545 1875 1860 1957; x_wconf 77' lang='lat' dir='ltr'><strong>Jugurthae</strong></span> <span class='ocrx_word' id='word_1_107' title='bbox 1889 1876 2087 1937; x_wconf 90' lang='lat' dir='ltr'><strong>animo</strong></span> 
     </span>
     <span class='ocr_line' id='line_1_15' title="bbox 169 1972 2088 2057; baseline 0.001 -26"><span class='ocrx_word' id='word_1_108' title='bbox 169 1972 479 2033; x_wconf 83' lang='lat' dir='ltr'><strong>stimulum</strong></span> <span class='ocrx_word' id='word_1_109' title='bbox 519 1972 870 2036; x_wconf 84' lang='lat' dir='ltr'><strong>admoverat</strong></span> <span class='ocrx_word' id='word_1_110' title='bbox 905 1977 1240 2057; x_wconf 86' lang='lat' dir='ltr'><strong>importuna</strong></span> <span class='ocrx_word' id='word_1_111' title='bbox 1284 1974 1659 2057; x_wconf 72' lang='lat' dir='ltr'><strong>Hiempsalis</strong></span> <span class='ocrx_word' id='word_1_112' title='bbox 1692 1972 1937 2046; x_wconf 81' lang='lat' dir='ltr'><strong>ferocia,</strong></span> <span class='ocrx_word' id='word_1_113' title='bbox 1984 1974 2088 2054; x_wconf 90' lang='lat' dir='ltr'><strong>qui</strong></span> 
     </span>
     <span class='ocr_line' id='line_1_16' title="bbox 169 2066 2088 2153; baseline 0.002 -24"><span class='ocrx_word' id='word_1_114' title='bbox 169 2066 426 2131; x_wconf 77' lang='lat' dir='ltr'><strong>fratrm</strong></span> <span class='ocrx_word' id='word_1_115' title='bbox 468 2080 612 2133; x_wconf 85' lang='lat' dir='ltr'><strong>natu</strong></span> <span class='ocrx_word' id='word_1_116' title='bbox 655 2071 949 2145; x_wconf 88' lang='lat' dir='ltr'><strong>minimus,</strong></span> <span class='ocrx_word' id='word_1_117' title='bbox 988 2092 1125 2133; x_wconf 88' lang='lat' dir='ltr'><strong>cum</strong></span> <span class='ocrx_word' id='word_1_118' title='bbox 1160 2075 1294 2153; x_wconf 86' lang='lat' dir='ltr'><strong>jam</strong></span> <span class='ocrx_word' id='word_1_119' title='bbox 1332 2070 1631 2153; x_wconf 76' lang='lat' dir='ltr'><strong>Jugurtha</strong></span> <span class='ocrx_word' id='word_1_120' title='bbox 1669 2080 1732 2133; x_wconf 91' lang='lat' dir='ltr'><strong>et</strong></span> <span class='ocrx_word' id='word_1_121' title='bbox 1769 2068 2088 2133; x_wconf 74' lang='lat' dir='ltr'><strong>Adherbal</strong></span> 
     </span>
     <span class='ocr_line' id='line_1_17' title="bbox 167 2167 2086 2252; baseline 0.001 -24"><span class='ocrx_word' id='word_1_122' title='bbox 167 2168 597 2243; x_wconf 79' lang='lat' dir='ltr'><strong>consedissent,</strong></span> <span class='ocrx_word' id='word_1_123' title='bbox 632 2168 714 2231; x_wconf 90' lang='lat' dir='ltr'><strong>ad</strong></span> <span class='ocrx_word' id='word_1_124' title='bbox 739 2169 898 2231; x_wconf 84' lang='lat' dir='ltr'><strong>latus</strong></span> <span class='ocrx_word' id='word_1_125' title='bbox 923 2168 1288 2231; x_wconf 76' lang='lat' dir='ltr'><strong>Adherbalis</strong></span> <span class='ocrx_word' id='word_1_126' title='bbox 1319 2170 1482 2252; x_wconf 87' lang='lat' dir='ltr'><strong>cepit</strong></span> <span class='ocrx_word' id='word_1_127' title='bbox 1514 2169 1736 2243; x_wconf 88' lang='lat' dir='ltr'><strong>locum,</strong></span> <span class='ocrx_word' id='word_1_128' title='bbox 1765 2178 1837 2230; x_wconf 88' lang='lat' dir='ltr'><strong>ut</strong></span> <span class='ocrx_word' id='word_1_129' title='bbox 1867 2167 2086 2249; x_wconf 80' lang='lat' dir='ltr'><strong>Jugur-</strong></span> 
     </span>
     <span class='ocr_line' id='line_1_18' title="bbox 167 2264 2085 2349; baseline 0 -24"><span class='ocrx_word' id='word_1_130' title='bbox 167 2264 346 2325; x_wconf 83' lang='lat' dir='ltr'><strong>tham</strong></span> <span class='ocrx_word' id='word_1_131' title='bbox 369 2266 590 2340; x_wconf 85' lang='lat' dir='ltr'><strong>medio,</strong></span> <span class='ocrx_word' id='word_1_132' title='bbox 613 2268 720 2349; x_wconf 86' lang='lat' dir='ltr'><strong>qui</strong></span> <span class='ocrx_word' id='word_1_133' title='bbox 744 2268 1182 2329; x_wconf 83' lang='lat' dir='ltr'><strong>honestissimus</strong></span> <span class='ocrx_word' id='word_1_134' title='bbox 1205 2267 1366 2349; x_wconf 86' lang='lat' dir='ltr'><strong>apud</strong></span> <span class='ocrx_word' id='word_1_135' title='bbox 1405 2265 1710 2329; x_wconf 86' lang='lat' dir='ltr'><strong>Numidas</strong></span> <span class='ocrx_word' id='word_1_136' title='bbox 1732 2274 1845 2338; x_wconf 84' lang='lat' dir='ltr'><strong>est,</strong></span> <span class='ocrx_word' id='word_1_137' title='bbox 1872 2264 2085 2348; x_wconf 89' lang='lat' dir='ltr'><strong>depul-</strong></span> 
     </span>
     <span class='ocr_line' id='line_1_19' title="bbox 169 2359 2089 2447; baseline 0 -24"><span class='ocrx_word' id='word_1_138' title='bbox 169 2383 326 2437; x_wconf 85' lang='lat' dir='ltr'><strong>sum,</strong></span> <span class='ocrx_word' id='word_1_139' title='bbox 349 2364 410 2425; x_wconf 91' lang='lat' dir='ltr'><strong>in</strong></span> <span class='ocrx_word' id='word_1_140' title='bbox 435 2374 790 2447; x_wconf 79' lang='lat' dir='ltr'><strong>postremam</strong></span> <span class='ocrx_word' id='word_1_141' title='bbox 823 2365 1024 2427; x_wconf 86' lang='lat' dir='ltr'><strong>sedem</strong></span> <span class='ocrx_word' id='word_1_142' title='bbox 1057 2359 1432 2427; x_wconf 73' lang='lat' dir='ltr'><strong>detruderet:</strong></span> <span class='ocrx_word' id='word_1_143' title='bbox 1477 2365 1620 2446; x_wconf 85' lang='lat' dir='ltr'><strong>quia</strong></span> <span class='ocrx_word' id='word_1_144' title='bbox 1646 2383 1765 2424; x_wconf 92' lang='lat' dir='ltr'><strong>non</strong></span> <span class='ocrx_word' id='word_1_145' title='bbox 1801 2363 1993 2425; x_wconf 90' lang='lat' dir='ltr'><strong>solum</strong></span> <span class='ocrx_word' id='word_1_146' title='bbox 2018 2372 2089 2423; x_wconf 88' lang='lat' dir='ltr'><strong>ut</strong></span> 
     </span>
     <span class='ocr_line' id='line_1_20' title="bbox 168 2461 2084 2545; baseline 0 -24"><span class='ocrx_word' id='word_1_147' title='bbox 168 2472 504 2523; x_wconf 86' lang='lat' dir='ltr'><strong>consortem</strong></span> <span class='ocrx_word' id='word_1_148' title='bbox 526 2464 690 2545; x_wconf 78' lang='lat' dir='ltr'><strong>regni</strong></span> <span class='ocrx_word' id='word_1_149' title='bbox 724 2461 956 2537; x_wconf 86' lang='lat' dir='ltr'><strong>oderat,</strong></span> <span class='ocrx_word' id='word_1_150' title='bbox 995 2462 1102 2523; x_wconf 86' lang='lat' dir='ltr'><strong>sed</strong></span> <span class='ocrx_word' id='word_1_151' title='bbox 1132 2462 1314 2523; x_wconf 88' lang='lat' dir='ltr'><strong>etiam</strong></span> <span class='ocrx_word' id='word_1_152' title='bbox 1347 2472 1418 2523; x_wconf 87' lang='lat' dir='ltr'><strong>ut</strong></span> <span class='ocrx_word' id='word_1_153' title='bbox 1441 2470 1711 2523; x_wconf 79' lang='lat' dir='ltr'><strong>materno</strong></span> <span class='ocrx_word' id='word_1_154' title='bbox 1739 2480 1951 2541; x_wconf 80' lang='lat' dir='ltr'><strong>genere</strong></span> <span class='ocrx_word' id='word_1_155' title='bbox 1972 2462 2084 2521; x_wconf 91' lang='lat' dir='ltr'><strong>im-</strong></span> 
     </span>
     <span class='ocr_line' id='line_1_21' title="bbox 171 2558 2079 2643; baseline 0.002 -24"><span class='ocrx_word' id='word_1_156' title='bbox 171 2578 381 2641; x_wconf 86' lang='lat' dir='ltr'><strong>parem</strong></span> <span class='ocrx_word' id='word_1_157' title='bbox 421 2558 808 2643; x_wconf 74' lang='lat' dir='ltr'><strong>despiciebat.</strong></span> <span class='ocrx_word' id='word_1_158' title='bbox 893 2559 1224 2622; x_wconf 82' lang='lat' dir='ltr'><strong>Annitente</strong></span> <span class='ocrx_word' id='word_1_159' title='bbox 1262 2570 1462 2623; x_wconf 84' lang='lat' dir='ltr'><strong>tamen</strong></span> <span class='ocrx_word' id='word_1_160' title='bbox 1491 2558 1845 2621; x_wconf 74' lang='lat' dir='ltr'><strong>Adherbale</strong></span> <span class='ocrx_word' id='word_1_161' title='bbox 1876 2559 2079 2635; x_wconf 77' lang='lat' dir='ltr'><strong>fratre,</strong></span> 
     </span>
     <span class='ocr_line' id='line_1_22' title="bbox 171 2656 2085 2741; baseline 0.002 -26"><span class='ocrx_word' id='word_1_162' title='bbox 171 2664 238 2716; x_wconf 88' lang='lat' dir='ltr'><strong>et</strong></span> <span class='ocrx_word' id='word_1_163' title='bbox 261 2658 459 2719; x_wconf 77' lang='lat' dir='ltr'><strong>aetatis</strong></span> <span class='ocrx_word' id='word_1_164' title='bbox 493 2658 827 2721; x_wconf 87' lang='lat' dir='ltr'><strong>habendam</strong></span> <span class='ocrx_word' id='word_1_165' title='bbox 862 2679 987 2720; x_wconf 68' lang='lat' dir='ltr'><strong>eme</strong></span> <span class='ocrx_word' id='word_1_166' title='bbox 1022 2659 1309 2720; x_wconf 88' lang='lat' dir='ltr'><strong>rationem</strong></span> <span class='ocrx_word' id='word_1_167' title='bbox 1337 2658 1744 2741; x_wconf 76' lang='lat' dir='ltr'><strong>praecipiente,</strong></span> <span class='ocrx_word' id='word_1_168' title='bbox 1770 2657 1875 2719; x_wconf 79' lang='lat' dir='ltr'><strong>vix</strong></span> <span class='ocrx_word' id='word_1_169' title='bbox 1906 2658 1964 2718; x_wconf 92' lang='lat' dir='ltr'><strong>in</strong></span> <span class='ocrx_word' id='word_1_170' title='bbox 1996 2656 2085 2719; x_wconf 89' lang='lat' dir='ltr'><strong>al-</strong></span> 
     </span>
     <span class='ocr_line' id='line_1_23' title="bbox 169 2757 948 2837; baseline 0.004 -22"><span class='ocrx_word' id='word_1_171' title='bbox 169 2762 366 2815; x_wconf 83' lang='lat' dir='ltr'><strong>teram</strong></span> <span class='ocrx_word' id='word_1_172' title='bbox 392 2764 621 2837; x_wconf 85' lang='lat' dir='ltr'><strong>partem</strong></span> <span class='ocrx_word' id='word_1_173' title='bbox 639 2757 948 2819; x_wconf 76' lang='lat' dir='ltr'><strong>concessit.</strong></span> 
     </span>
    </p>

    <p class='ocr_par' dir='ltr' id='par_1_8' title="bbox 167 2851 2087 3913">
     <span class='ocr_line' id='line_1_24' title="bbox 251 2851 2087 2934; baseline -0.001 -21"><span class='ocrx_word' id='word_1_174' title='bbox 251 2858 318 2913; x_wconf 79' lang='lat'><strong>4.</strong></span> <span class='ocrx_word' id='word_1_175' title='bbox 361 2851 543 2925; x_wconf 83' lang='lat' dir='ltr'><strong>Mox,</strong></span> <span class='ocrx_word' id='word_1_176' title='bbox 587 2853 692 2914; x_wconf 89' lang='lat' dir='ltr'><strong>ubi</strong></span> <span class='ocrx_word' id='word_1_177' title='bbox 731 2852 810 2915; x_wconf 91' lang='lat' dir='ltr'><strong>de</strong></span> <span class='ocrx_word' id='word_1_178' title='bbox 849 2852 1102 2933; x_wconf 78' lang='lat' dir='ltr'><strong>negotiis</strong></span> <span class='ocrx_word' id='word_1_179' title='bbox 1135 2852 1342 2915; x_wconf 89' lang='lat' dir='ltr'><strong>disseri</strong></span> <span class='ocrx_word' id='word_1_180' title='bbox 1377 2858 1657 2934; x_wconf 86' lang='lat' dir='ltr'><strong>coeptum,</strong></span> <span class='ocrx_word' id='word_1_181' title='bbox 1689 2860 1755 2914; x_wconf 83' lang='lat' dir='ltr'><strong>et</strong></span> <span class='ocrx_word' id='word_1_182' title='bbox 1788 2851 2087 2933; x_wconf 81' lang='lat' dir='ltr'><strong>Jugurtha</strong></span> 
     </span>
     <span class='ocr_line' id='line_1_25' title="bbox 169 2945 2087 3033; baseline 0.001 -26"><span class='ocrx_word' id='word_1_183' title='bbox 169 2945 330 3008; x_wconf 82' lang='lat' dir='ltr'><strong>forte</strong></span> <span class='ocrx_word' id='word_1_184' title='bbox 378 2948 640 3023; x_wconf 82' lang='lat' dir='ltr'><strong>dixerat,</strong></span> <span class='ocrx_word' id='word_1_185' title='bbox 687 2958 708 2987; x_wconf 76' lang='lat'>⁴</span> <span class='ocrx_word' id='word_1_186' title='bbox 731 2949 1114 3033; x_wconf 88' lang='lat' dir='ltr'><strong>quinquennii</strong></span> <span class='ocrx_word' id='word_1_187' title='bbox 1163 2947 1436 3011; x_wconf 87' lang='lat' dir='ltr'><strong>consulta</strong></span> <span class='ocrx_word' id='word_1_188' title='bbox 1486 2958 1550 3010; x_wconf 86' lang='lat' dir='ltr'><strong>et</strong></span> <span class='ocrx_word' id='word_1_189' title='bbox 1596 2947 1838 3010; x_wconf 86' lang='lat' dir='ltr'><strong>decreta</strong></span> <span class='ocrx_word' id='word_1_190' title='bbox 1886 2948 2087 3009; x_wconf 88' lang='lat' dir='ltr'><strong>omnia</strong></span> 
     </span>
     <span class='ocr_line' id='line_1_26' title="bbox 171 3044 2087 3128; baseline -0.001 -23"><span class='ocrx_word' id='word_1_191' title='bbox 171 3044 432 3105; x_wconf 87' lang='lat' dir='ltr'><strong>rescindi</strong></span> <span class='ocrx_word' id='word_1_192' title='bbox 480 3054 772 3127; x_wconf 85' lang='lat' dir='ltr'><strong>oportere,</strong></span> <span class='ocrx_word' id='word_1_193' title='bbox 812 3044 974 3127; x_wconf 87' lang='lat' dir='ltr'><strong>quod</strong></span> <span class='ocrx_word' id='word_1_194' title='bbox 1013 3067 1120 3128; x_wconf 90' lang='lat' dir='ltr'><strong>per</strong></span> <span class='ocrx_word' id='word_1_195' title='bbox 1151 3065 1228 3106; x_wconf 90' lang='lat' dir='ltr'><strong>ea</strong></span> <span class='ocrx_word' id='word_1_196' title='bbox 1262 3054 1533 3127; x_wconf 84' lang='lat' dir='ltr'><strong>tempora</strong></span> <span class='ocrx_word' id='word_1_197' title='bbox 1569 3044 1880 3107; x_wconf 79' lang='lat' dir='ltr'><strong>confectus</strong></span> <span class='ocrx_word' id='word_1_198' title='bbox 1917 3044 2087 3104; x_wconf 82' lang='lat' dir='ltr'><strong>annis</strong></span> 
     </span>
     <span class='ocr_line' id='line_1_27' title="bbox 173 3128 2087 3227; baseline -0.001 -26"><span class='ocrx_word' id='word_1_199' title='bbox 173 3140 444 3227; x_wconf 77' lang='lat' dir='ltr'><strong>Micipsa</strong></span> <span class='ocrx_word' id='word_1_200' title='bbox 467 3164 676 3225; x_wconf 87' lang='lat' dir='ltr'><strong>parum</strong></span> <span class='ocrx_word' id='word_1_201' title='bbox 700 3144 900 3205; x_wconf 89' lang='lat' dir='ltr'><strong>animo</strong></span> <span class='ocrx_word' id='word_1_202' title='bbox 923 3142 1242 3215; x_wconf 76' lang='lat' dir='ltr'><strong>valuisset:</strong></span> <span class='ocrx_word' id='word_1_203' title='bbox 1287 3154 1304 3181; x_wconf 81' lang='lat'>⁶</span> <span class='ocrx_word' id='word_1_204' title='bbox 1323 3142 1404 3205; x_wconf 92' lang='lat' dir='ltr'><strong>Id</strong></span> <span class='ocrx_word' id='word_1_205' title='bbox 1425 3164 1568 3204; x_wconf 78' lang='lat' dir='ltr'><strong>vero</strong></span> <span class='ocrx_word' id='word_1_206' title='bbox 1590 3128 1955 3223; x_wconf 60' lang='lat' dir='ltr'><strong>magnopere¹</strong></span> <span class='ocrx_word' id='word_1_207' title='bbox 1972 3140 2087 3202; x_wconf 90' lang='lat' dir='ltr'><strong>sibi</strong></span> 
     </span>
     <span class='ocr_line' id='line_1_28' title="bbox 171 3236 2083 3323; baseline 0.001 -26"><span class='ocrx_word' id='word_1_208' title='bbox 171 3236 416 3319; x_wconf 85' lang='lat' dir='ltr'><strong>placere</strong></span> <span class='ocrx_word' id='word_1_209' title='bbox 433 3240 453 3270; x_wconf 85' lang='lat'>&#39;</span> <span class='ocrx_word' id='word_1_210' title='bbox 494 3238 816 3323; x_wconf 86' lang='lat' dir='ltr'><strong>Hiempsal</strong></span> <span class='ocrx_word' id='word_1_211' title='bbox 841 3238 1165 3322; x_wconf 87' lang='lat' dir='ltr'><strong>respondit,</strong></span> <span class='ocrx_word' id='word_1_212' title='bbox 1193 3250 1213 3277; x_wconf 85' lang='lat'>‘</span> <span class='ocrx_word' id='word_1_213' title='bbox 1237 3261 1375 3303; x_wconf 88' lang='lat' dir='ltr'><strong>nam</strong></span> <span class='ocrx_word' id='word_1_214' title='bbox 1409 3248 1472 3301; x_wconf 91' lang='lat' dir='ltr'><strong>et</strong></span> <span class='ocrx_word' id='word_1_215' title='bbox 1494 3237 1850 3319; x_wconf 76' lang='lat' dir='ltr'><strong>Jugurtham</strong></span> <span class='ocrx_word' id='word_1_216' title='bbox 1880 3238 2083 3321; x_wconf 86' lang='lat' dir='ltr'><strong>proxi-</strong></span> 
     </span>
     <span class='ocr_line' id='line_1_29' title="bbox 171 3334 2081 3424; baseline 0 -29"><span class='ocrx_word' id='word_1_217' title='bbox 171 3354 336 3395; x_wconf 86' lang='lat' dir='ltr'><strong>mum</strong></span> <span class='ocrx_word' id='word_1_218' title='bbox 363 3337 520 3398; x_wconf 88' lang='lat' dir='ltr'><strong>intra</strong></span> <span class='ocrx_word' id='word_1_219' title='bbox 553 3338 864 3399; x_wconf 87' lang='lat' dir='ltr'><strong>triennium</strong></span> <span class='ocrx_word' id='word_1_220' title='bbox 889 3338 1238 3424; x_wconf 83' lang='lat' dir='ltr'><strong>adoptatum</strong></span> <span class='ocrx_word' id='word_1_221' title='bbox 1271 3338 1468 3399; x_wconf 87' lang='lat' dir='ltr'><strong>esse.”</strong></span> <span class='ocrx_word' id='word_1_222' title='bbox 1550 3336 1713 3398; x_wconf 82' lang='lat' dir='ltr'><strong>Satis</strong></span> <span class='ocrx_word' id='word_1_223' title='bbox 1731 3334 2081 3419; x_wconf 82' lang='lat' dir='ltr'><strong>apparebat,</strong></span> 
     </span>
     <span class='ocr_line' id='line_1_30' title="bbox 169 3434 2083 3517; baseline 0.001 -25"><span class='ocrx_word' id='word_1_224' title='bbox 169 3450 296 3493; x_wconf 85' lang='lat' dir='ltr'><strong>non</strong></span> <span class='ocrx_word' id='word_1_225' title='bbox 345 3454 518 3517; x_wconf 86' lang='lat' dir='ltr'><strong>posse</strong></span> <span class='ocrx_word' id='word_1_226' title='bbox 561 3436 622 3497; x_wconf 87' lang='lat' dir='ltr'><strong>in</strong></span> <span class='ocrx_word' id='word_1_227' title='bbox 663 3445 790 3497; x_wconf 86' lang='lat' dir='ltr'><strong>tam</strong></span> <span class='ocrx_word' id='word_1_228' title='bbox 827 3435 1199 3498; x_wconf 85' lang='lat' dir='ltr'><strong>discordibus</strong></span> <span class='ocrx_word' id='word_1_229' title='bbox 1231 3436 1442 3497; x_wconf 88' lang='lat' dir='ltr'><strong>animis</strong></span> <span class='ocrx_word' id='word_1_230' title='bbox 1477 3436 1699 3517; x_wconf 88' lang='lat' dir='ltr'><strong>sperari</strong></span> <span class='ocrx_word' id='word_1_231' title='bbox 1738 3434 2083 3496; x_wconf 83' lang='lat' dir='ltr'><strong>societatem</strong></span> 
     </span>
     <span class='ocr_line' id='line_1_31' title="bbox 169 3530 2084 3615; baseline -0.001 -22"><span class='ocrx_word' id='word_1_232' title='bbox 169 3534 366 3612; x_wconf 84' lang='lat' dir='ltr'><strong>reg-ni,</strong></span> <span class='ocrx_word' id='word_1_233' title='bbox 407 3533 646 3615; x_wconf 88' lang='lat' dir='ltr'><strong>qualem</strong></span> <span class='ocrx_word' id='word_1_234' title='bbox 685 3536 835 3596; x_wconf 86' lang='lat' dir='ltr'><strong>inter</strong></span> <span class='ocrx_word' id='word_1_235' title='bbox 874 3535 1210 3597; x_wconf 79' lang='lat' dir='ltr'><strong>Masinissae</strong></span> <span class='ocrx_word' id='word_1_236' title='bbox 1243 3535 1492 3597; x_wconf 85' lang='lat' dir='ltr'><strong>totidem</strong></span> <span class='ocrx_word' id='word_1_237' title='bbox 1529 3553 1771 3595; x_wconf 89' lang='lat' dir='ltr'><strong>numero</strong></span> <span class='ocrx_word' id='word_1_238' title='bbox 1806 3530 1961 3594; x_wconf 82' lang='lat' dir='ltr'><strong>filios</strong></span> <span class='ocrx_word' id='word_1_239' title='bbox 1996 3530 2084 3592; x_wconf 91' lang='lat' dir='ltr'><strong>P.</strong></span> 
     </span>
     <span class='ocr_line' id='line_1_32' title="bbox 171 3628 2082 3717; baseline -0.001 -26"><span class='ocrx_word' id='word_1_240' title='bbox 171 3628 386 3713; x_wconf 89' lang='lat' dir='ltr'><strong>Scipio</strong></span> <span class='ocrx_word' id='word_1_241' title='bbox 432 3632 758 3695; x_wconf 81' lang='lat' dir='ltr'><strong>Africanus</strong></span> <span class='ocrx_word' id='word_1_242' title='bbox 791 3632 1044 3695; x_wconf 77' lang='lat' dir='ltr'><strong>feliciter</strong></span> <span class='ocrx_word' id='word_1_243' title='bbox 1076 3634 1431 3695; x_wconf 80' lang='lat' dir='ltr'><strong>instituerat.</strong></span> <span class='ocrx_word' id='word_1_244' title='bbox 1503 3632 1712 3717; x_wconf 45' lang='lat' dir='ltr'><strong>‚Igitur</strong></span> <span class='ocrx_word' id='word_1_245' title='bbox 1749 3629 1828 3692; x_wconf 85' lang='lat' dir='ltr'><strong>ad</strong></span> <span class='ocrx_word' id='word_1_246' title='bbox 1858 3638 2082 3713; x_wconf 85' lang='lat' dir='ltr'><strong>postre-</strong></span> 
     </span>
     <span class='ocr_line' id='line_1_33' title="bbox 167 3716 2081 3811; baseline -0.002 -20"><span class='ocrx_word' id='word_1_247' title='bbox 167 3750 338 3791; x_wconf 87' lang='lat' dir='ltr'><strong>mum</strong></span> <span class='ocrx_word' id='word_1_248' title='bbox 365 3752 439 3792; x_wconf 89' lang='lat' dir='ltr'><strong>eo</strong></span> <span class='ocrx_word' id='word_1_249' title='bbox 462 3716 782 3793; x_wconf 79' lang='lat' dir='ltr'><strong>deventum</strong></span> <span class='ocrx_word' id='word_1_250' title='bbox 815 3740 928 3805; x_wconf 88' lang='lat' dir='ltr'><strong>est,</strong></span> <span class='ocrx_word' id='word_1_251' title='bbox 960 3740 1028 3793; x_wconf 87' lang='lat' dir='ltr'><strong>ut</strong></span> <span class='ocrx_word' id='word_1_252' title='bbox 1060 3732 1338 3794; x_wconf 86' lang='lat' dir='ltr'><strong>constitui</strong></span> <span class='ocrx_word' id='word_1_253' title='bbox 1361 3739 1588 3795; x_wconf 86' lang='lat' dir='ltr'><strong>certum</strong></span> <span class='ocrx_word' id='word_1_254' title='bbox 1611 3728 1771 3791; x_wconf 91' lang='lat' dir='ltr'><strong>diem</strong></span> <span class='ocrx_word' id='word_1_255' title='bbox 1797 3728 2081 3811; x_wconf 80' lang='lat' dir='ltr'><strong>placeret,</strong></span> 
     </span>
     <span class='ocr_line' id='line_1_34' title="bbox 167 3828 1473 3913; baseline 0.002 -24"><span class='ocrx_word' id='word_1_256' title='bbox 167 3848 294 3909; x_wconf 89' lang='lat' dir='ltr'><strong>quo</strong></span> <span class='ocrx_word' id='word_1_257' title='bbox 317 3828 630 3911; x_wconf 87' lang='lat' dir='ltr'><strong>imperium</strong></span> <span class='ocrx_word' id='word_1_258' title='bbox 652 3830 1027 3913; x_wconf 82' lang='lat' dir='ltr'><strong>thesaurique</strong></span> <span class='ocrx_word' id='word_1_259' title='bbox 1051 3829 1473 3891; x_wconf 81' lang='lat' dir='ltr'><strong>dividerentur.</strong></span> 
     </span>
    </p>

    <p class='ocr_par' dir='ltr' id='par_1_9' title="bbox 161 3921 2331 4298">
     <span class='ocr_line' id='line_1_35' title="bbox 249 3921 2085 4008; baseline -0.002 -20"><span class='ocrx_word' id='word_1_260' title='bbox 249 3932 316 3989; x_wconf 81' lang='lat'><strong>5.</strong></span> <span class='ocrx_word' id='word_1_261' title='bbox 359 3926 463 3987; x_wconf 82' lang='lat' dir='ltr'><strong>Ex</strong></span> <span class='ocrx_word' id='word_1_262' title='bbox 503 3926 618 3988; x_wconf 88' lang='lat' dir='ltr'><strong>hac</strong></span> <span class='ocrx_word' id='word_1_263' title='bbox 656 3925 1016 3987; x_wconf 87' lang='lat' dir='ltr'><strong>dissensione</strong></span> <span class='ocrx_word' id='word_1_264' title='bbox 1059 3928 1394 4007; x_wconf 75' lang='lat' dir='ltr'><strong>regulorum</strong></span> <span class='ocrx_word' id='word_1_265' title='bbox 1435 3926 1580 4008; x_wconf 85' lang='lat' dir='ltr'><strong>quia</strong></span> <span class='ocrx_word' id='word_1_266' title='bbox 1613 3943 1758 3987; x_wconf 86' lang='lat' dir='ltr'><strong>cura</strong></span> <span class='ocrx_word' id='word_1_267' title='bbox 1797 3921 2085 3984; x_wconf 80' lang='lat' dir='ltr'><strong>Patribus</strong></span> 
     </span>
     <span class='ocr_line' id='line_1_36' title="bbox 164 4019 2083 4106; baseline -0.002 -22"><span class='ocrx_word' id='word_1_268' title='bbox 164 4023 399 4106; x_wconf 81' lang='lat' dir='ltr'><strong>injecta</strong></span> <span class='ocrx_word' id='word_1_269' title='bbox 426 4032 575 4095; x_wconf 89' lang='lat' dir='ltr'><strong>erat,</strong></span> <span class='ocrx_word' id='word_1_270' title='bbox 618 4044 694 4085; x_wconf 89' lang='lat' dir='ltr'><strong>ne</strong></span> <span class='ocrx_word' id='word_1_271' title='bbox 729 4025 791 4085; x_wconf 93' lang='lat' dir='ltr'><strong>in</strong></span> <span class='ocrx_word' id='word_1_272' title='bbox 829 4022 1048 4085; x_wconf 76' lang='lat' dir='ltr'><strong>Africa</strong></span> <span class='ocrx_word' id='word_1_273' title='bbox 1080 4024 1308 4085; x_wconf 90' lang='lat' dir='ltr'><strong>bellum</strong></span> <span class='ocrx_word' id='word_1_274' title='bbox 1341 4022 1531 4096; x_wconf 85' lang='lat' dir='ltr'><strong>fieret,</strong></span> <span class='ocrx_word' id='word_1_275' title='bbox 1568 4022 1739 4083; x_wconf 84' lang='lat' dir='ltr'><strong>alteri</strong></span> <span class='ocrx_word' id='word_1_276' title='bbox 1774 4019 2083 4082; x_wconf 86' lang='lat' dir='ltr'><strong>consulum</strong></span> 
     </span>
     <span class='ocr_line' id='line_1_37' title="bbox 161 4118 2353 4203; baseline -0.002 -20"><span class='ocrx_word' id='word_1_277' title='bbox 161 4121 542 4203; x_wconf 79' lang='lat' dir='ltr'><strong>provinciam</strong></span> <span class='ocrx_word' id='word_1_278' title='bbox 583 4120 862 4182; x_wconf 78' lang='lat' dir='ltr'><strong>Africam</strong></span> <span class='ocrx_word' id='word_1_279' title='bbox 907 4121 1311 4183; x_wconf 86' lang='lat' dir='ltr'><strong>decreverunt.</strong></span> <span class='ocrx_word' id='word_1_280' title='bbox 1396 4120 1623 4182; x_wconf 86' lang='lat' dir='ltr'><strong>Neutri</strong></span> <span class='ocrx_word' id='word_1_281' title='bbox 1668 4118 1810 4180; x_wconf 79' lang='lat' dir='ltr'><strong>loeta</strong></span> <span class='ocrx_word' id='word_1_282' title='bbox 1852 4118 2083 4179; x_wconf 87' lang='lat' dir='ltr'><strong>sortitio</strong></span> <span class='ocrx_word' id='word_1_283' title='bbox 2136 4136 2201 4187; x_wconf 70' lang='grc' dir='ltr'><strong>Α</strong></span> <span class='ocrx_word' id='word_1_284' title='bbox 2218 4136 2353 4189; x_wconf 74' lang='lat' dir='ltr'><strong>Gen</strong></span> 
     </span>
     <span class='ocr_line' id='line_1_38' title="bbox 162 4207 2339 4298; baseline -0.003 -19"><span class='ocrx_word' id='word_1_285' title='bbox 162 4218 302 4279; x_wconf 83' lang='lat' dir='ltr'><strong>fuit.</strong></span> <span class='ocrx_word' id='word_1_286' title='bbox 392 4217 486 4278; x_wconf 87' lang='lat' dir='ltr'><strong>M.</strong></span> <span class='ocrx_word' id='word_1_287' title='bbox 510 4218 691 4289; x_wconf 82' lang='lat' dir='ltr'><strong>Cato,</strong></span> <span class='ocrx_word' id='word_1_288' title='bbox 721 4220 822 4279; x_wconf 87' lang='lat' dir='ltr'><strong>cui</strong></span> <span class='ocrx_word' id='word_1_289' title='bbox 847 4218 1065 4279; x_wconf 81' lang='lat' dir='ltr'><strong>Africa</strong></span> <span class='ocrx_word' id='word_1_290' title='bbox 1088 4220 1435 4289; x_wconf 82' lang='lat' dir='ltr'><strong>obvenerat,</strong></span> <span class='ocrx_word' id='word_1_291' title='bbox 1460 4238 1598 4279; x_wconf 88' lang='lat' dir='ltr'><strong>cum</strong></span> <span class='ocrx_word' id='word_1_292' title='bbox 1626 4218 1687 4277; x_wconf 90' lang='lat' dir='ltr'><strong>in</strong></span> <span class='ocrx_word' id='word_1_293' title='bbox 1711 4214 2141 4298; x_wconf 71' lang='lat' dir='ltr'><strong>provinciam²¹</strong></span> <span class='ocrx_word' id='word_1_294' title='bbox 2108 4216 2230 4254; x_wconf 82' lang='lat'>¹¹·¹¹</span> <span class='ocrx_word' id='word_1_295' title='bbox 2259 4207 2339 4253; x_wconf 78' lang='lat'><strong>¹⁸·</strong></span> 
     </span>
    </p>
   </div>
   <div class='ocr_carea' id='block_1_3' title="bbox 2136 4234 2549 4320">
    <p class='ocr_par' dir='ltr' id='par_1_10' title="bbox 2136 4234 2549 4320">
     <span class='ocr_line' id='line_1_39' title="bbox 2136 4234 2549 4320; baseline 0.015 -4"><span class='ocrx_word' id='word_1_296' title='bbox 2136 4266 2251 4317; x_wconf 65' lang='lat' dir='ltr'><strong>vu.</strong></span> <span class='ocrx_word' id='word_1_297' title='bbox 2264 4268 2407 4320; x_wconf 67' lang='lat' dir='ltr'><strong>unx.</strong></span> <span class='ocrx_word' id='word_1_298' title='bbox 2542 4234 2549 4245; x_wconf 71' lang='grc'><strong>’</strong></span> 
     </span>
    </p>
   </div>
   <div class='ocr_carea' id='block_1_4' title="bbox 163 4312 2259 4399">
    <p class='ocr_par' dir='ltr' id='par_1_11' title="bbox 163 4312 2259 4399">
     <span class='ocr_line' id='line_1_40' title="bbox 163 4312 2259 4399; baseline -0.001 -22"><span class='ocrx_word' id='word_1_299' title='bbox 163 4316 580 4399; x_wconf 63' lang='grc' dir='ltr'><strong>ρεπειιὶεεεῐμ</strong></span> <span class='ocrx_word' id='word_1_300' title='bbox 593 4314 726 4377; x_wconf 82' lang='lat' dir='ltr'><strong>fato</strong></span> <span class='ocrx_word' id='word_1_301' title='bbox 767 4316 854 4378; x_wconf 88' lang='lat' dir='ltr'><strong>ibi</strong></span> <span class='ocrx_word' id='word_1_302' title='bbox 897 4315 1138 4379; x_wconf 81' lang='lat' dir='ltr'><strong>functus</strong></span> <span class='ocrx_word' id='word_1_303' title='bbox 1169 4326 1280 4379; x_wconf 88' lang='lat' dir='ltr'><strong>est.</strong></span> <span class='ocrx_word' id='word_1_304' title='bbox 1369 4314 1456 4385; x_wconf 79' lang='lat' dir='ltr'><strong>Q.</strong></span> <span class='ocrx_word' id='word_1_305' title='bbox 1501 4312 1769 4377; x_wconf 84' lang='lat' dir='ltr'><strong>Marcius</strong></span> <span class='ocrx_word' id='word_1_306' title='bbox 1808 4312 2138 4381; x_wconf 72' lang='lat' dir='ltr'><strong>Galliamv</strong></span> <span class='ocrx_word' id='word_1_307' title='bbox 2142 4335 2259 4384; x_wconf 80' lang='grc' dir='ltr'><strong>..ιο</strong></span> 
     </span>
    </p>
   </div>
   <div class='ocr_carea' id='block_1_5' title="bbox 3202 2869 3208 3611">
    <p class='ocr_par' dir='ltr' id='par_1_12' title="bbox 3202 2869 3208 3611">
     <span class='ocr_line' id='line_1_41' title="bbox 3202 2869 3208 3611; baseline 0 0"><span class='ocrx_word' id='word_1_308' title='bbox 3202 2869 3208 3611; x_wconf 95' lang='lat' dir='ltr'><strong> </strong></span> 
     </span>
    </p>
   </div>
  </div>
 </body>
</html>
