3225 5242
758 589 967 640 mam
1019 589 1251 640 inx.
1297 588 1958 641 surranunwwu.
2300 568 2479 645 4:37⁷

237 733 376 794 novi
399 730 756 813 aggreditur.
839 733 1116 795 comitiis
1136 732 1566 807 consularibus,
1591 752 1731 795 cum
1758 732 1925 795 haud
1948 730 2151 795 dubiis
2194 730 2415 798 Amin·

231 829 530 909 suffragiis
560 830 926 891 renuntiatus
960 830 1056 893 Μ.
1087 830 1394 893 Antonius
1431 840 1621 901 essetg
1666 832 1727 891 in
1759 830 2009 891 alterum
2055 831 2149 891 lo-
2173 798 2377 853 ⁰¹⁰⁶³⁶
2397 803 2479 903 ξ’·

231 945 372 987 cum
425 926 504 987 C.
559 926 906 999 Memmius,
960 926 1037 988 Ο.
1083 927 1370 989 Servilius
1423 927 1689 990 Glaucia
1736 927 2151 1010 competitores

233 1032 422 1083 erant.
506 1021 656 1083 Non
691 1032 928 1104 poterat
951 1024 1199 1104 ambigi,
1225 1033 1360 1085 uter
1384 1026 1584 1106 potius
1606 1033 1927 1096 crearetur,
1951 1025 2005 1085 si
2028 1044 2153 1085 suoe

231 1120 542 1200 potestatis
565 1121 890 1201 mentisque
916 1120 1171 1203 populus
1192 1130 1364 1184 esset.
1446 1122 1488 1182 J
1491 1144 1588 1183 am
1628 1124 1758 1185 viro
1790 1122 1983 1183 nobili
2024 1136 2149 1182 sor·

232 1217 464 1290 didum,
508 1220 632 1281 acri
670 1227 734 1279 et
775 1220 1001 1298 integro
1041 1219 1406 1291 seditiosum,
1443 1222 1909 1301 comparabant;
1952 1228 2019 1280 et
2054 1240 2151 1281 se-
2206 1232 2317 1283 cie.
2340 1234 2479 1287 Brut.

229 1314 492 1375 cundum
519 1314 712 1394 legem
733 1315 958 1395 petenti
991 1336 1150 1388 eum,
1175 1318 1350 1396 cujus
1379 1312 1505 1378 tu'm
1545 1318 1805 1379 maxime
1831 1314 2218 1399 pacturum?-
2234 1304 2343 1351 ⁶²·'
2400 1350 2409 1363 ·

229 1413 486 1489 gerentis
508 1414 714 1474 haberi
739 1413 968 1493 legibus
991 1415 1149 1475 ratio
1171 1434 1290 1474 non
1319 1424 1572 1495 poterat.
1644 1416 1967 1477 Biennium
1987 1415 2145 1475 enim
2206 1414 2391 1493 Grqch.
2415 1416 2485 1465 de

227 1509 382 1571 duos
407 1511 559 1571 inter
581 1510 814 1571 curules
839 1512 1216 1591 magistratus
1253 1512 1554 1585 interesse,
1583 1532 1779 1594 neque
1809 1511 2145 1573 continuari
2172 1477 2357 1531 c⁰¹¹²¹¹²⁸
2380 1484 2481 1532 ω·

229 1607 502 1679 honores,
551 1608 886 1689 oportebat.
970 1608 1238 1669 Glaucia
1285 1619 1350 1671 et
1398 1609 1703 1691 Apuleius
1747 1630 1886 1671 cum
1936 1612 2145 1671 obesse
2172 1609 2304 1689 ven.
2320 1628 2383 1662 11·
2401 1614 2481 1663 1²·

225 1704 490 1765 consiliis
511 1706 632 1765 suis
655 1705 848 1785 legem
871 1705 1166 1777 viderent,
1197 1706 1500 1767 consulem
1533 1716 1735 1767 autem
1775 1707 1993 1768 Caium
2030 1708 2146 1767 uti·
2170 1677 2391 1740 Appum.
2417 1742 2422 1745 -

228 1820 347 1880 que
375 1800 748 1874 Memmium,
767 1805 941 1883 cujus
957 1802 1076 1863 vim
1091 1823 1400 1883 moresque
1415 1804 1728 1875 timebant,
1748 1802 1875 1863 fieri
1894 1803 2147 1877 nollent,
2172 1812 2281 1866 Ην.
2300 1816 2437 1882 Epir.

225 1898 518 1959 seditione
545 1908 730 1971 mota,
753 1900 854 1959 cui
878 1901 964 1960 rei
985 1898 1128 1960 olim
1154 1911 1556 1972 assueverant,
1581 1900 1909 1983 fugientem
1932 1901 2147 1962 adver-
2173 1912 2479 1966 nonnula.

227 1997 473 2068 sarium,
501 1997 938 2077 percussoribus
961 1998 1020 2056 in
1057 2006 1380 2079 conspectu
1417 2000 1681 2059 omnium
1717 1998 2016 2071 immissis,
2043 2020 2149 2079 per
2172 1978 2318 2031 om·

227 2092 531 2173 quendam
557 2092 642 2153 P.
672 2092 958 2153 Mettium
984 2094 1242 2171 fustibus
1265 2096 1697 2157 comminutum
1722 2096 2103 2157 sustulerunt.

311 2196 414 2251 25.
455 2188 740 2253 Turbatis
787 2192 877 2251 ita
925 2192 1200 2264 comitiis,
1255 2192 1329 2253 L.
1385 2192 1689 2274 Apuleius
1726 2193 1973 2254 domum
2010 2212 2151 2253 cum

223 2289 426 2368 operis
463 2288 586 2347 suis
628 2308 943 2367 regressus,
987 2289 1146 2350 intra
1188 2290 1454 2371 privatos
1502 2290 1759 2371 parietes
1800 2290 2169 2351 concionem.

223 2384 436 2456 habet,
461 2394 602 2446 acta
633 2384 926 2459 defendit,
969 2386 1168 2448 studia
1209 2408 1450 2447 suorum
1485 2387 1719 2459 laudat,
1747 2396 1931 2467 utque
1955 2385 2153 2448 velint

225 2480 308 2541 ad
333 2482 570 2564 reliqua
593 2484 710 2543 sibi
736 2492 954 2565 praesto
979 2503 1106 2545 esse
1139 2484 1500 2545 cohortatur.
1586 2483 1697 2545 Illi
1725 2483 1878 2545 laetis
1902 2485 2150 2545 vocibus
2253 2540 2263 2549 .

223 2588 556 2661 asti-epunt,
581 2583 1018 2662 suam'operam
1044 2580 1424 2663 pollicentur,
1465 2580 1667 2643 fausta
1700 2584 1761 2641 in
1786 2602 1923 2641 eum
1946 2582 2149 2641 omina
2170 2584 2298 2639 Hor.

220 2688 578 2758 congerunt,
620 2679 1032 2761 imperatorem
1065 2680 1222 2752 aliis,
1249 2680 1390 2740 aliis
1427 2700 1628 2759 regem
1666 2678 2147 2761 appellantibus:

220 2795 448 2856 easque
471 2795 650 2836 voces
674 2777 754 2837 ab
773 2776 1010 2837 homine
1028 2796 1251 2837 vesano
1271 2784 1572 2856 gratanter
1596 2784 1883 2857 exceptas
1901 2777 2149 2857 reperio.

218 2920 230 2931 .
305 2878 412 2933 26.
457 2871 762 2933 Postridie
803 2882 1043 2933 senatus
1083 2873 1144 2932 in
1182 2872 1399 2943 Ouria3
1440 2892 1647 2953 eques,
1674 2882 1737 2933 et
1767 2871 2059 2952 quicquid
2086 2874 2147 2933 in
2173 2875 2309 2955 Pht.

219 2966 454 3048 populo
479 2968 770 3047 integrum
793 2977 946 3040 erat,
973 2970 1034 3027 in
1059 2967 1214 3039 soro,
1239 2968 1590 3029 convulsum
1613 2969 1879 3029 civitatis
1904 2976 2147 3041 statum,
2170 2939 2391 3007 ΛΡΜ·

218 3064 452 3125 fractas
491 3073 556 3123 et
595 3065 866 3143 abJeetas
907 3065 1094 3144 leges,
1138 3063 1390 3125 salutem
1429 3065 1719 3125 bonorum
1754 3065 2151 3126 scelestissimi

219 3162 520 3241 cujusque
561 3160 832 3221 audaciae
873 3162 1198 3223 obnoxiam
1244 3162 1458 3222 acerbe
1499 3161 1785 3241 queritur,
1816 3160 2149 3222 vindictam

219 3258 444 3337 poscit,
482 3256 756 3338 Apuleio
779 3258 1104 3338 ceterisque
1131 3259 1461 3319 minitatur.
1545 3256 1649 3317 Fit
1670 3258 2147 3319 senatusconsul-
2206 3257 2312 3311 cic.
2330 3274 2419 3325 1²¹⁰

218 3362 378 3425 tum,
429 3362 552 3413 ‘-ut
589 3354 667 3415 C.
709 3353 965 3426 Marius,
1009 3354 1078 3415 L.
1115 3353 1420 3425 Valerius,
1455 3352 1752 3425 consules,
1798 3352 2149 3415 adhiberent
2171 3322 2419 3437 {2⁸:233
2424 3356 2441 3373 ⁰

217 3446 496 3511 tribunos
510 3451 706 3531 plebis
721 3460 786 3511 et
805 3460 1106 3532 praetores,
1125 3470 1276 3531 quos
1295 3451 1383 3511 eis
1401 3450 1703 3511 videretur
1722 3470 1741 3521 ς
1784 3470 2145 3533 operamque
2170 3468 2209 3502 1·
2224 3456 2275 3503 2.
2289 3460 2339 3501 et
2353 3422 2481 3501 Pfiil·

205 3546 460 3617 darent,
487 3556 558 3607 ut
592 3548 900 3628 imperium
929 3547 1136 3628 populi
1175 3546 1440 3607 Romani
1479 3548 1879 3627 majestasque
1912 3566 2147 3608 conser-
2174 3523 2362 3568 Ἥκω·

216 3644 502 3704 var-etur!
544 3643 845 3705 Omnibus
871 3642 1262 3726 promtissime
1286 3642 1693 3714 offerentibus,
1722 3642 1939 3704 Marco
1962 3644 2149 3703 etiam

219 3738 460 3801 Scauro
485 3740 866 3801 vehementer
889 3740 1188 3811 hortante,
1219 3738 1454 3799 Marius
1485 3737 1717 3811 consul,
1753 3738 1931 3799 homo
1954 3748 2145 3799 muta·
2204 3744 2320 3795 an.
2342 3744 2477 3796 Max.

216 3836 364 3897 bilis
407 3836 656 3915 ingenii,
705 3856 842 3897 cum
883 3857 949 3897 se
991 3834 1275 3896 adversus
1307 3854 1656 3895 consensum
1698 3835 1860 3895 urbis
1901 3854 2146 3895 causam
2165 3812 2433 3941 'gafast-

215 3933 626 4013 improborum
643 3933 862 3993 civium
887 3933 1042 3992 tueri
1067 3951 1184 3991 non
1209 3950 1378 4012 posse
1402 3937 1689 4002 cerneret,
1713 3930 1925 3991 transit
1947 3930 2149 4011 palam
2170 3938 2303 3992 Flor.

215 4028 304 4089 ad
354 4029 568 4101 bonos,
620 4030 978 4109 plebemque
1025 4026 1146 4087 leui
1195 4028 1464 4090 oratione
1511 4026 1783 4087 sedatam
1830 4028 2148 4099 centuriat,
2174 4025 2319 4103 019⁸·

215 4144 396 4185 arma
435 4146 516 4185 ex
559 4124 832 4186 aedificiis
876 4124 1134 4205 publicis
1181 4122 1504 4195 distribuit,
1545 4130 1751 4204 portas
1798 4124 2145 4195 communit,
2174 4090 2317 4205 Ῑξίξ
2334 4104 2479 4205 amm

221 4220 523 4283 Flaccum
549 4220 844 4300 collegam
867 4240 1006 4283 cum
1047 4218 1334 4301 praesidiis
1365 4219 1426 4279 in
1463 4218 1645 4291 colle,
1683 4218 1789 4281 M.
1807 4219 2145 4281 Antonium
2205 4218 2315 4268 cic.
2334 4234 2423 4284 pru
2506 4278 2521 4295 ,

217 4317 534 4379 consulem
561 4315 936 4395 designatum
961 4324 1134 4377 extra
1159 4316 1364 4378 urbem
1387 4316 1691 4377 excubare
1704 4316 1903 4395 jubet,
1965 4300 1977 4314 ‘
2170 4282 2303 4334 Rab.
2325 4300 2373 4337 c.
2391 4288 2443 4337 ⁰.

309 4420 412 4477 27.
459 4413 530 4473 L.
565 4413 864 4495 Apuleius
881 4432 1018 4473 cum
1043 4412 1187 4485 suis,
1213 4420 1276 4472 et
1299 4432 1448 4491 quos
1473 4420 1757 4492 praterea
1780 4413 1977 4500 subito
2002 4432 2143 4473 oon-
2174 4412 2387 4479 Appian-

359 4526 542 4587 Deme.
573 4535 624 4579 et
657 4528 769 4581 var.
793 4530 924 4580 czar.
1269 4528 1457 4577 Livius.
2181 4530 2243 4577 1³
2280 4525 2325 4575 G
2424 4578 2431 4585 ,
