3225 5242
674 520 852 594 4266
1634 536 1707 593 τ.
1748 538 1945 591 mvn
2066 606 2073 614 ,

1000 679 1299 761 Jugurtha
1341 682 1579 743 minime
1618 703 1874 756 cessuro,
1910 682 2188 754 certum,⁴
2222 672 2289 744 iet
2320 704 2385 744 se
2408 680 2563 745 duce
2588 681 2905 762 gerendum

1001 778 1268 840 videbat.
1364 778 1534 839 Nam
1597 780 1687 839 Μ.
1742 779 2015 841 Minucio
2067 780 2455 852 Macedonia,
2512 778 2619 861 Sp.
2674 780 2907 844 Albino

1001 874 1300 936 Numidia
1335 876 1639 957 provincia
1668 886 1965 939 evenerat.
2046 877 2344 957 Jugurtha
2382 888 2720 959 postquam,
2762 876 2907 957 qnid

1003 981 1298 1053 ageretur,
1325 972 1769 1046 animadvertit,
1794 972 1957 1034 haud
1972 982 2285 1035 contanter
2300 975 2557 1035 immisso
2572 993 2905 1056 percussore

1001 1068 1248 1130 conficit
1272 1069 1569 1129 mmulum.

1085 1172 1188 1227 88.
1234 1164 1651 1247 Deprehensus
1690 1166 1793 1247 qui
1834 1164 2061 1227 caedem
2106 1166 2350 1238 fecerat,
2392 1164 2589 1227 multis
2622 1165 2905 1226 hortanti-

1004 1263 1138 1335 bus,
1165 1262 1449 1323 indicium
1476 1261 1801 1343 profitetur.
1888 1262 2285 1324 Bomilcarem
2312 1262 2623 1343 Iugurthae
2647 1261 2907 1323 familia-
2964 1297 2971 1307 -

1005 1382 1130 1423 rem
1177 1358 1410 1421 facinus
1459 1361 1771 1421 mandasse
1830 1360 2109 1423 ostendit.
2218 1359 2463 1422 Nomen
2528 1359 2910 1431 Bomilcaris,

1005 1478 1350 1540 quanquam
1387 1477 1584 1518 comes
1609 1459 1739 1536 ejus
1772 1466 1947 1529 esset,
1976 1458 2078 1538 qui
2110 1456 2368 1517 Romam
2394 1455 2512 1518 fide
2537 1456 2783 1539 publica
2806 1476 2909 1518 ve-

1007 1564 1199 1626 nerat,
1229 1554 1416 1634 magis
1437 1574 1518 1615 ex
1542 1574 1717 1634 aequo
1740 1564 1801 1615 et
1822 1558 2002 1625 bono,
2043 1574 2225 1635 quam
2248 1574 2326 1614 ex
2340 1556 2483 1634 jure
2508 1554 2791 1633 gentium,
2818 1574 2911 1613 re·

1007 1652 1247 1731 cipitur.
1329 1649 1540 1721 Vades
1591 1671 1669 1711 ex
1718 1651 1923 1713 amicis
1972 1652 2150 1730 regiis
2197 1652 2625 1732 quinquaginta
2673 1648 2913 1711 dantur.

1011 1748 1304 1808 Fervente
1320 1746 1578 1826 judicio,
1602 1746 1901 1826 Jugurtha
1926 1746 1985 1807 in
2026 1748 2301 1807 maximis
2324 1748 2609 1826 angustiis
2626 1748 2883 1807 constitu
2897 1780 2911 1793 ·

1009 1854 1126 1915 tus,
1154 1844 1315 1925 quod
1339 1845 1537 1905 omnia
1563 1852 1865 1926 expertus,
1908 1845 2155 1923 gratiam
2188 1852 2365 1925 atque
2392 1845 2704 1925 pecuniam
2744 1862 2915 1903 suam

1011 1941 1342 2002 inferiorem
1381 1940 1609 2001 invidia
1648 1940 1795 2001 facti
1842 1941 2154 2013 sentiebat,
2189 1960 2325 2001 cum
2361 1940 2463 2000 diu
2505 1941 2806 2019 agitasset,
2848 1960 2913 1999 u-

1010 2046 1238 2099 trumne
1259 2032 1448 2099 'vades
1473 2037 1666 2119 prodi,
1702 2058 1779 2099 an
1804 2058 1946 2099 vero
1974 2036 2372 2098 Bomilcarem
2400 2037 2589 2097 deseri
2614 2038 2799 2097 satius
2822 2036 2915 2097 fo·

1010 2143 1122 2207 ret,
1158 2143 1452 2217 postremo
1495 2133 1896 2196 Bomilcarem
1940 2132 2101 2195 clam
2142 2134 2203 2193 in
2237 2132 2595 2194 Numidiam
2642 2132 2915 2205 dimittit,

1009 2230 1300 2293 neminem
1337 2232 1583 2312 posthac
1608 2232 1794 2310 jussis
1823 2232 1945 2291 suis
1968 2231 2510 2313 obtemperaturum
2534 2238 2716 2302 ratus,
2742 2232 2793 2290 si
2816 2230 2915 2291 hic

1010 2326 1112 2407 huj
1123 2327 1347 2388 usmodi
1371 2348 1451 2388 ex
1477 2348 1661 2388 causa
1686 2328 2061 2423 plecteretur.

1093 2430 1194 2485 39.
1237 2422 1345 2485 Ne
1369 2424 1454 2485 sic
1479 2424 1721 2505 quidem
1746 2425 1888 2485 satis
1926 2424 2274 2496 extricatus,
2316 2423 2565 2501 (babent
2602 2424 2762 2483 enim
2800 2423 2915 2501 boc

1011 2519 1258 2592 scelera,
1285 2529 1352 2581 ut
1385 2519 1751 2582 facinorosos
1788 2520 1977 2600 magis
2012 2521 2315 2599 magisque
2340 2529 2557 2581 terrore
2590 2528 2655 2580 et
2692 2520 2917 2580 incom-

1013 2617 1206 2677 modis
1230 2617 1591 2699 implicent,)
1621 2636 1757 2678 cum
1786 2617 2068 2696 ablegato
2089 2617 2427 2677 Bomilcare
2464 2616 2523 2676 in
2547 2636 2611 2676 se
2636 2616 2915 2677 recidisse

733 2734 837 2783 Li«.
856 2734 992 2802 Epit.
1014 2713 1338 2795 periculum
1372 2713 1889 2784 animadverteret,
1924 2713 2141 2794 capitis
2170 2714 2325 2773 enim
2366 2714 2601 2793 anquiri
2638 2722 2915 2794 coeperat,

688 2799 832 2916 19¹2*-
846 2864 942 2915 &n
1019 2830 1098 2871 ex
1141 2810 1284 2870 urbe
1325 2810 1468 2889 fuga
1513 2811 1628 2869 sibi
1673 2810 1977 2871 consulere
2026 2819 2271 2871 coactns
2312 2820 2421 2871 est.
2508 2808 2741 2881 Fertur,
2780 2828 2919 2870 cum

800 2900 817 2917 ⁰
945 2899 962 2917 ’
1017 2928 1280 2987 egressus
1305 2908 1510 2969 Roma
1533 2917 1707 2980 esset,
1734 2928 1893 2989 saepe
1913 2928 1986 2968 eo
2009 2916 2367 2988 respectasse
2384 2906 2627 2967 tacitum
2653 2927 2671 2967 t
2694 2915 2919 2988 postm-

1017 3024 1117 3065 mo
1142 3005 1272 3066 haec
1295 3006 1427 3086 ipsa
1448 3007 1635 3066 verba
1658 3004 2001 3087 protulisse:
2046 3013 2063 3041 ‘
2089 3004 2147 3063 Ο
2180 3003 2381 3063 urbem
2404 3003 2694 3074 venalem,
2720 3012 2783 3063 et
2798 3004 2921 3063 cito

1018 3102 1360 3182 perituram,
1385 3104 1436 3161 si
1461 3086 1743 3162 emtorem
1770 3100 2056 3161 invenerit
2080 3100 2120 3159 Ρ
2205 3097 2481 3172 Senatus,
2506 3108 2807 3181 comperto
2826 3122 2919 3161 re·

1019 3198 1108 3277 gis
1131 3198 1322 3269 abitu,
1351 3198 1540 3259 Italia
1564 3218 1701 3258 eum
1725 3196 2007 3258 decedere
2025 3196 2222 3276 jussit.

692 3312 823 3364 Flor.
1099 3302 1202 3355 40.
1245 3294 1406 3355 Haec
1449 3294 1637 3355 altera
1680 3293 1944 3355 bellandi
1984 3278 2165 3355 causa
2206 3312 2341 3355 cum
2373 3292 2689 3365 extitisset,
2730 3292 2923 3354 foedus

687 3411 896 3479 ‘Eun-op.
1023 3389 1490 3472 Calpurnianum
1527 3390 1909 3451 rescinditur:
1956 3389 2062 3471 Sp.
2090 3390 2357 3451 Albinus
2390 3391 2615 3471 paratis
2652 3390 2929 3451 omnibus

693 3476 811 3529 ⁸⁸¹¹·
1019 3506 1256 3548 cursum
1279 3486 1532 3547 adornat
1555 3487 1614 3546 in
1642 3486 1940 3559 Africam,
1968 3507 2041 3547 eo
2065 3485 2424 3567 diligentius,
2451 3486 2613 3567 quod
2650 3486 2923 3547 comitio·

1020 3604 1153 3643 rum
1177 3592 1408 3664 tempus
1447 3582 1606 3643 haud
1650 3584 1821 3663 longe
1850 3584 2076 3654 aberat,
2114 3581 2193 3643 ad
2233 3570 2389 3663 quae'
2412 3581 2774 3643 redeundum
2812 3583 2921 3663 ipsi

1020 3680 1284 3741 Romam
1309 3690 1455 3741 erat.
1540 3679 1663 3740 Sed
1686 3682 1825 3741 huic
1850 3681 1937 3741 uti
1974 3688 2268 3740 maturare
2309 3679 2558 3751 bellum,
2586 3680 2671 3739 ita
2702 3678 2921 3757 Jugur-

1020 3777 1142 3839 thae
1181 3778 1411 3837 trahere
1443 3777 1755 3837 consilium
1782 3786 1930 3849 erat,
1957 3777 2233 3856 omnique
2270 3776 2449 3836 modo
2484 3776 2921 3857 properantiam

1017 3874 1278 3936 consulis
1301 3874 1594 3934 remorari.
1659 3873 2041 3954 Quapropter
2067 3872 2244 3933 modo
2270 3872 2497 3951 legatos
2521 3872 2597 3932 de
2623 3872 2923 3932 deditione

1019 3972 1328 4033 mittebat:
1373 3968 1550 4030 modo
1600 3971 1861 4049 negabat
1910 3968 2133 4029 infestis
2172 3968 2286 4029 sibi
2329 3968 2625 4029 Romanis
2670 3968 2920 4029 salutem

887 4100 894 4107 -
1019 4087 1188 4127 suam
1211 4066 1450 4128 credere
1479 4086 1684 4148 posse:
1724 4064 2023 4127 interdum
2046 4064 2322 4137 cedebat,
2361 4085 2501 4126 cum
2524 4065 2707 4125 hostis
2741 4065 2917 4125 insta·

1021 4174 1132 4237 ret,
1159 4164 1414 4225 ducendi
1441 4164 1719 4245 temporis
1746 4164 1971 4242 gratia:
1998 4183 2165 4235 mox,
2192 4173 2259 4223 ut
2282 4182 2515 4223 suorum
2540 4164 2768 4223 animos
2780 4182 2921 4223 con-

1023 4261 1303 4332 firmaret,
1331 4262 1486 4321 ultro
1513 4261 1793 4321 instabat.

1241 4422 1272 4466 4
1312 4416 1543 4467 Futurum
1566 4416 1709 4466 Clcr.
1764 4416 1988 4467 Ceteram
2011 4415 2223 4481 reliquae
2249 4413 2371 4467 edd.
2396 4418 2519 4466 ante
2542 4412 2695 4483 Crev.
