3225 5242
834 507 1044 559 mam
1093 506 1324 559 Lxx!-
1367 506 2019 561 surrnsunn‘run.
2356 488 2533 559 4431

295 674 438 717 mus
473 652 912 717 multitudinem
959 656 1305 729 dimitteret,
1357 664 1376 693 ‘
1405 656 1590 717 ictum
1632 676 1759 717 sese
1778 656 1797 685 '
1838 654 2205 726 exclamans,

295 753 547 825 corruit,
579 761 641 814 et
663 753 819 814 intra
843 773 1066 835 paucas
1090 753 1268 814 horas
1289 752 1560 814 decessit.
1644 751 2008 834 Priusquam
2032 751 2205 832 expi-

296 858 484 920 raret,
521 850 600 911 ad
630 850 1075 911 circumstantes
1099 859 1522 932 moerentesque
1545 849 1765 910 dixisse
1790 849 1994 921 fertur,
2037 858 2055 885 ‘
2082 848 2204 909 Ec-

295 946 568 1027 quando,
597 947 911 1030 propinqui
938 948 1256 1029 amicique,
1279 946 1537 1008 similem
1560 950 1680 1008 mei
1704 947 1898 1009 civem
1930 948 2207 1007 habitura

295 1054 399 1105 est
439 1046 776 1126 respublica
794 1046 840 1105 ’ξ’
923 1046 1254 1107 Percussus
1290 1055 1486 1106 autem
1535 1054 1627 1107 est
1670 1045 1894 1107 circum
1938 1045 2204 1125 inguina,
2228 1018 2417 1134 ‘'3⁸:2oe
2461 1084 2529 1135 de

294 1142 636 1225 crepidario
653 1142 868 1215 cultro,
891 1163 1070 1225 quem
1095 1146 1156 1203 in
1184 1143 1422 1205 vulnere
1449 1163 1751 1225 percussor
1775 1142 2033 1223 reliquit.
2078 1142 2205 1202 Mi·-
2230 1150 2377 1199 Bm.
2404 1118 2509 1228 frit.

295 1240 482 1300 nister
511 1242 672 1301 necis
719 1243 778 1301 in
809 1244 987 1303 turba
1031 1242 1242 1303 latuit:
1286 1240 1512 1303 invidia
1534 1262 1715 1323 penes
1745 1240 2113 1323 Caepionem,
2144 1247 2208 1301 et
2230 1215 2515 1329 GgeAgwffl·

297 1336 684 1420 Philippum,
709 1348 772 1399 et
787 1339 1046 1401 Varium
1062 1338 1217 1399 fuit:
1254 1338 1469 1399 frustra
1492 1337 1874 1399 disseminato
1900 1360 1939 1399 a
1961 1338 2205 1419 quibus-
2230 1296 2487 1409 Ancum).

291 1433 442 1495 dam
477 1456 728 1507 rumore,
771 1446 790 1472 ‘
813 1436 985 1517 quasi
1023 1456 1216 1497 rerum
1255 1444 1474 1495 temere
1511 1445 1803 1495 motarum
1846 1434 2207 1496 conscientia
2228 1409 2513 1525 ξιῗυῇζη·

292 1540 366 1593 et
406 1552 644 1613 angore,
681 1553 744 1593 se
768 1534 1050 1615 periculis
1090 1534 1465 1606 instantibus,
1499 1533 1833 1595 voluntaria
1864 1542 2073 1604 morte,
2100 1532 2205 1593 de-
2232 1538 2363 1604 Epit.
2448 1512 2465 1531 ⁰

293 1629 706 1711 sperabundus
728 1632 1086 1692 exemisset-⁹
1636 1664 1647 1685 s
2230 1605 2519 1723 vssuffiuffz,

383 1734 483 1787 85.
513 1718 662 1788 'Tali
687 1727 804 1789 fine
829 1731 922 1789 vir
953 1738 1048 1790 tot
1077 1738 1304 1789 naturae
1335 1729 1707 1810 fortuuaeque
1735 1728 1975 1790 dotibus
1997 1747 2204 1788 eumu-
2264 1704 2372 1785 esc.
2388 1736 2451 1787 do
2518 1709 2534 1727 ⁸

292 1824 478 1895 latus,
525 1823 751 1885 alienas
794 1827 1014 1905 pariter
1043 1846 1178 1907 spes
1203 1836 1264 1886 et
1289 1847 1425 1887 suas
1449 1827 1806 1888 terminavit.
1898 1824 1997 1885 De
2032 1828 2207 1904 cujus
2228 1799 2350 1853 Μή·
2376 1802 2529 1855 ⁰⁰⁴¹·

293 1920 461 1981 vitiis
483 1919 723 2001 quando
751 1942 858 2003 pro
884 1923 1141 1983 muneris
1164 1925 1348 1983 nostri
1386 1922 1507 1985 fide
1531 1924 1849 1984 tacendum
1874 1942 1991 1983 non
2022 1930 2202 2004 puta-

289 2020 525 2088 vimus:
566 2019 734 2079 illam
755 2040 994 2101 quoque
1019 2042 1226 2083 vocem
1251 2040 1386 2102 quat
1424 2041 1505 2081 ex
1530 2022 1735 2082 multis
1760 2024 1889 2101 ejus
1909 2021 2207 2102 praeclaris

289 2116 691 2198 pulcherrima
709 2116 788 2179 ad
809 2138 914 2178 nos
939 2119 1225 2200 pervenit,
1252 2118 1522 2179 lubenter
1545 2118 1879 2179 referemus.
1964 2116 2043 2177 In
2072 2117 2205 2178 Pa-

293 2212 444 2275 latio
480 2213 720 2275 domum
767 2214 1132 2287 edificabat,
1167 2237 1288 2296 quo
1331 2215 1464 2278 loco
1511 2214 1605 2276 Μ.
1637 2215 1851 2276 Cicero
1890 2214 2204 2276 habitavit.

291 2308 454 2371 Eam
479 2312 849 2392 promittenti
874 2313 1198 2373 architecto
1223 2313 1310 2373 sic
1335 2311 1789 2384 nidificaturum,
1816 2323 1885 2373 ut
1908 2312 2102 2373 libera
2125 2310 2205 2372 ab

289 2411 456 2468 omni
499 2409 828 2470 vicinorum
872 2408 1180 2491 despectu,
1232 2410 1502 2471 instituta
1549 2410 1776 2471 domini
1814 2409 1937 2471 fido
1976 2419 2205 2471 secreto

287 2514 544 2585 tegeret,
587 2504 748 2567 ‘Tu'
773 2507 959 2579 vero,'
999 2507 1214 2588 inquit,
1258 2517 1277 2544 ⁶
1301 2509 1352 2569 si
1402 2507 1551 2590 quid
1585 2508 1650 2569 in
1684 2516 1745 2569 te
1787 2508 1931 2569 artis
1969 2517 2081 2581 est,
2117 2510 2204 2570 sic

287 2606 490 2687 potius
513 2605 744 2676 struite,
772 2614 841 2665 ut
863 2604 1152 2685 quicquid
1179 2626 1376 2685 agam,
1403 2626 1606 2667 omnes
1628 2605 1915 2667 videant?

377 2710 480 2765 so.
523 2703 619 2765 Μ.
649 2702 803 2763 Livii
842 2702 1026 2764 Drusi
1056 2704 1296 2765 interitu
1329 2724 1466 2765 eum
1494 2725 1835 2786 oppressum
1872 2704 1943 2766 iri
1977 2705 2203 2766 bellum
2226 2668 2532 2785 ‘'5231‘ss

293 2798 583 2901 Italicum
633 2809 872 2861 senatus
915 2801 1292 2882 speravisset,
1335 2822 1426 2861 res
1476 2802 1536 2861 in
1585 2803 1943 2863 contrarium
1984 2804 2201 2864 vertit:
2226 2814 2449 2850 ¹¹¹V11·

289 2899 608 2979 statimque
635 2897 728 2959 his
753 2896 972 2959 auditis
995 2899 1140 2960 socii
1166 2900 1226 2958 in
1255 2919 1421 2960 arma
1445 2900 1697 2961 iverunt.
1741 2899 1929 2966 Quod
1953 2920 2089 2960 cum
2116 2900 2204 2961 ita

289 2996 554 3057 futurum
598 3016 724 3056 esse
762 2995 1056 3076 plerisque
1101 3005 1432 3079 appareret,
1472 3006 1673 3057 tamen
1714 2997 1883 3058 velut
1906 3017 1985 3057 ex
2011 2998 2199 3057 abun-

287 3091 458 3155 danti
492 3092 762 3174 prodigia
797 3091 959 3153 foeda
998 3102 1436 3174 praecesserunt.
1519 3092 1807 3175 Namque
1848 3093 2201 3155 domestico—
2224 3088 2364 3150 Θεοῦ·
2378 3104 2427 3142 v·
2447 3092 2528 3142 ¹8·

289 3209 422 3251 rum
458 3190 804 3251 animalium
849 3192 1054 3251 omnia
1087 3210 1322 3270 genera,
1363 3200 1605 3272 repente
1644 3190 1915 3263 efferata,
1951 3191 2203 3253 stabulis

289 3290 646 3371 pascuisque
671 3288 917 3360 relictis,
944 3288 1023 3349 ad
1047 3287 1248 3369 sylvas
1281 3298 1346 3349 et
1369 3297 1599 3350 montes
1622 3289 1917 3369 fugerunt.
2003 3288 2203 3350 Canes

285 3406 428 3447 cum
453 3385 687 3445 ululatu
714 3405 820 3466 per
846 3400 1018 3464 agros
1041 3404 1202 3445 more
1231 3380 1504 3467 luporum
1529 3387 1893 3447 oberrarunt.
1937 3385 2093 3447 Cum
2118 3407 2199 3447 ex

287 3484 448 3563 agris
472 3482 532 3543 in
558 3483 764 3543 urbem
789 3502 1007 3564 pecora
1033 3492 1418 3564 armentaque
1455 3483 1655 3547 Latini
1682 3493 1945 3565 agerent,
1972 3484 2197 3545 anima·-
2220 3484 2327 3539 Jul·
2348 3484 2471 3537 obs.

285 3581 450 3641 libus
480 3581 678 3641 subita
711 3580 878 3641 rabie
914 3582 1248 3653 concitatis,
1282 3591 1508 3662 strages
1531 3582 1833 3644 hominum
1858 3583 2022 3644 facta
2046 3604 2062 3644 ε
2102 3584 2197 3644 la·

284 3680 541 3761 crymari
586 3677 867 3739 animalia
895 3680 1028 3739 visa
1067 3688 1224 3739 sunt.
1307 3678 1543 3741 Coelum
1583 3678 1870 3742 discessit.
1956 3680 2054 3741 Ex
2093 3702 2196 3744 oc-

284 3775 455 3837 culto
477 3796 656 3837 voces
682 3776 924 3847 auditae,
955 3795 1092 3856 quae
1127 3775 1394 3858 pericula
1416 3776 1562 3836 belli
1585 3778 1961 3838 nuntiarent:
2003 3778 2193 3858 quod·
2222 3762 2519 3883 omli&

284 3894 406 3955 que
430 3873 823 3934 tristissimum
847 3874 1256 3955 haruspicibus
1269 3875 1483 3946 visum,
1502 3873 1758 3937 Lanuvii
1772 3874 1970 3956 clypei
1998 3884 2133 3935 sunt
2158 3894 2199 3936 a
2223 3913 2264 3949 ι,
2284 3902 2370 3951 44.
2507 3866 2525 3885 ⁰

285 3970 555 4032 muribus
594 3972 795 4032 arrosi.
863 3970 1048 4038 Quod
1088 3972 1373 4052 sequitur,
1415 3972 1604 4051 magis
1646 3982 1883 4033 senatus
1928 3970 2197 4033 Romani

284 4067 458 4129 fatua
481 4078 546 4129 et
567 4069 790 4130 crudeli
815 4070 1253 4150 superstitione,
1275 4089 1455 4151 quam
1480 4070 1562 4131 rei
1589 4070 1873 4131 miraculo
1897 4070 2194 4152 prodigio—

285 4188 419 4228 sum
467 4168 602 4229 fuit.
687 4166 766 4227 In
805 4188 950 4249 agro
987 4166 1270 4228 Romano
1306 4167 1684 4250 androgynus
1724 4170 1854 4229 viro
1896 4176 2192 4249 nupserat.
2218 4160 2407 4281 Egisd·

287 4264 370 4325 Id
411 4287 450 4326 a
491 4267 704 4327 marito
737 4264 816 4327 ad
857 4274 1147 4337 senatum,
1183 4268 1264 4327 ab
1301 4276 1508 4327 senatu
1539 4265 1619 4328 ad
1651 4287 1902 4347 augures
1926 4264 2193 4327 delatum
2220 4244 2437 4347 unffi,

285 4384 426 4425 cum
466 4365 691 4439 fuisset,
737 4385 814 4425 ex
859 4365 1212 4425 auctoritate
1238 4365 1569 4427 Tuscorum
1602 4366 1979 4454 haruspicum
2020 4366 2195 4432 vivus

2228 2082 2358 2133 ven.
