3225 5242
725 546 934 595 unm
989 544 1154 595 mx,
1199 544 1848 595 summamus-rum.
2238 526 2417 593 4149

175 688 376 759 matis,
409 695 474 747 et
511 688 646 767 igne
691 687 971 758 immisso,
1011 686 1116 767 qui
1153 684 1410 747 flamme
1453 685 1575 747 vini
1613 685 1959 757 evasissent,
1986 702 2089 745 eos

173 785 328 847 ferro
376 782 754 845 conciderat:
819 802 1070 864 eamque
1113 782 1348 844 cladem
1389 792 1598 844 coorta
1638 782 1845 843 insano
1880 782 2087 843 dolore

174 882 404 963 plebes,
445 883 686 942 incensa
727 882 982 942 vicisim
1021 882 1184 959 regia
1214 879 1566 948 vindicata-t.
1652 878 1851 959 Igitur
1874 878 2087 941 Ptole·
2112 880 2221 931 Hv-
2244 880 2377 945 Epic.

177 996 382 1048 maeus,
419 978 740 1039 contractis
765 975 1039 1040 mercede
1063 976 1270 1057 copiis,
1298 974 1526 1037 bellum
1551 974 1733 1037 sorori
1762 976 2089 1057 patriaeque
2115 976 2302 1030 Justin·

176 1074 474 1145 illaturus,
501 1074 829 1134 maximum
871 1082 1014 1133 nam
1055 1072 1250 1133 filium
1287 1071 1542 1153 Cyrenis
1581 1073 1843 1144 arcessit,
1870 1073 2093 1133 veritus

177 1188 252 1229 ne
283 1168 369 1230 ad
393 1188 532 1229 eum
559 1168 816 1251 populus
839 1167 1294 1241 Alexandrinus
1315 1186 1560 1247 reg-num
1583 1167 1878 1231 deferret:
1909 1169 2091 1247 juve-

177 1284 435 1345 nemque
473 1266 660 1345 patris
699 1265 946 1345 imperio
985 1264 1086 1347 pie
1121 1266 1466 1327 obsecutum
1505 1264 1875 1327 facinorosus
1896 1248 2092 1325 et'im-

177 1363 314 1443 pius
337 1370 626 1442 tyrannus
647 1360 828 1422 solita
849 1360 1206 1422 crudelitate
1231 1369 1294 1420 et
1321 1361 1584 1421 amentia
1609 1368 1807 1421 necat.

257 1464 366 1517 68.
409 1456 556 1517 Hac
581 1477 644 1517 re
679 1457 942 1537 cognita,
966 1465 1180 1517 statum
1209 1457 1396 1539 ipsius
1417 1466 1482 1517 et
1505 1457 1795 1536 imagines
1816 1454 2095 1517 Alexan·

179 1553 330 1613 driae
355 1552 779 1615 detrahuntur:
821 1572 1064 1633 regnum
1092 1553 1436 1633 Cleopatrae
1470 1552 1743 1616 traditur.
1808 1550 1971 1632 ‘Ipse
2006 1552 2095 1612 uti

181 1649 446 1709 vicissim
485 1649 608 1711 illis
646 1668 801 1729 aegre
841 1648 1050 1721 faciat,
1076 1648 1430 1710 horrendum
1455 1648 1655 1709 furore
1688 1656 1753 1709 et
1788 1648 2095 1729 impietate

181 1743 415 1805 facinus
443 1754 657 1827 patrat.
743 1744 1062 1805 Communi
1087 1744 1246 1805 enim
1270 1742 1423 1816 filio,
1449 1744 1815 1826 Memphites
1836 1744 2094 1806 vocabu·
2123 1736 2273 1787 [²³⁰⁶-

183 1850 299 1910 tur,
329 1842 460 1922 qui,
486 1842 716 1903 etiamsi
735 1848 904 1923 pater
928 1860 1046 1901 uon
1072 1850 1248 1913 esset,
1263 1840 1478 1914 forma,
1497 1850 1562 1903 et
1585 1851 1790 1913 aetate,
1808 1850 1873 1903 et
1894 1839 2097 1901 indole
2121 1800 2399 1930 {³135

185 1938 543 1999 miserabilis
591 1958 715 1998 esse
757 1938 948 1999 cuivis
989 1938 1274 2021 potuisset
1289 1958 1308 2011 3
1373 1938 1510 2011 hoc,
1553 1940 1820 2021 inquam,
1864 1938 1996 2000 filio
2036 1941 2097 1999 in
2126 1933 2155 1983 J
2162 1932 2310 1983 ΜΒ·

185 2043 510 2115 conspectu
535 2052 642 2095 suo
664 2034 971 2115 jugulato,
999 2034 1242 2115 praecidi
1274 2043 1460 2117 caput
1481 2034 1781 2117 pedesque
1804 2044 1867 2096 et
1891 2050 2099 2095 manus

177 2130 393 2210 jubet:
439 2129 654 2191 deinde
679 2131 738 2189 in
762 2130 973 2191 cistam
997 2130 1127 2191 haec
1151 2130 1376 2203 condit,
1413 2130 1851 2213 chlamydeque
1876 2131 2101 2211 injecta

189 2228 400 2311 operit.
447 2226 628 2288 Forte
651 2225 870 2287 natulis
897 2226 1162 2287 instabat
1187 2224 1550 2309 Cleopatroe,
1577 2246 1687 2309 pro
1708 2246 1871 2288 more
1895 2246 2099 2307 regum

189 2327 356 2387 festis
383 2322 582 2404 epulis
621 2322 948 2403 laetitiaque
983 2322 1232 2405 publica
1251 2322 1663 2385 celebrandus.
1747 2321 1827 2383 Id
1850 2342 1985 2384 cum
2010 2322 2103 2401 ig-

191 2432 396 2483 notum
427 2419 738 2502 Physconi
763 2440 880 2480 non
917 2429 1093 2491 esset,
1133 2419 1380 2481 satelliti
1404 2418 1645 2481 cuidam
1670 2438 1779 2480 suo
1806 2418 1977 2480 dedit
1998 2438 2103 2479 ne·

193 2520 446 2597 gotium,
485 2526 556 2576 ut
587 2517 798 2577 cistam
835 2524 1070 2577 curaret
1093 2514 1488 2576 Alexandriae
1521 2516 1581 2576 in
1604 2516 1899 2577 vestibulo
1924 2516 2103 2597 regiae

195 2611 664 2695 proponendam,
693 2632 768 2673 ea
807 2615 940 2695 ipsa
983 2620 1158 2673 nocte
1193 2632 1330 2695 quae
1353 2610 1513 2673 diem
1539 2615 1761 2692 reginae
1796 2612 2105 2673 natalem*

197 2709 592 2791 praeoederet:
635 2710 806 2789 quasi
829 2706 1164 2769 natalitium
1184 2710 1244 2768 in
1263 2728 1338 2769 ea
1355 2728 1568 2769 munus
1583 2709 1931 2791 mitten-etun.
2002 2708 2107 2769 Ita

197 2807 426 2867 factum
463 2814 576 2877 est,
602 2815 672 2866 ut
701 2824 836 2867 cum
869 2804 1004 2865 aliis
1036 2822 1174 2886 quae
1197 2804 1406 2866 oblata
1433 2806 1649 2885 reginoe
1688 2807 1769 2865 ob
1792 2804 2105 2865 celebrita-

197 2913 318 2963 tem
359 2903 646 2983 temporis
667 2900 924 2974 fuerant,
949 2900 1059 2963 illa
1099 2900 1283 2965 etiam
1317 2903 1470 2963 cista
1505 2902 1657 2964 inter
1690 2902 1897 2985 epulas
1936 2903 2113 2964 illata

203 3000 550 3081 aperiretur.
1179 3042 1184 3047 -
1764 3070 1771 3077 ,

281 3104 387 3159 69.
433 3094 640 3159 Nemo
665 3095 1038 3176 presentium
1073 3095 1358 3175 ignorare,
1381 3114 1562 3177 quam
1583 3095 1852 3159 belluina
1874 3096 2113 3159 feritate

209 3194 496 3275 Physcon
539 3202 713 3265 emet,
739 3202 865 3253 tam
905 3192 1108 3254 multis
1147 3193 1226 3254 ab
1266 3212 1340 3254 eo
1371 3195 1504 3274 jam
1545 3202 1687 3254 ante
1712 3193 2111 3255 crudelissime

206 3292 546 3372 desig-natis,
573 3298 827 3371 poterat.
911 3290 1361 3372 Obstupuerunt
1393 3298 1592 3351 tamen
1629 3290 1708 3351 ad
1732 3300 2113 3373 conspectum

209 3390 318 3449 hoc
362 3386 555 3459 nefas,
583 3406 704 3468 quo
740 3405 861 3446 non
903 3385 1084 3447 modo
1121 3386 1314 3448 omnis
1356 3387 1470 3447 aevi
1513 3388 1829 3461 saevitiam,
1860 3388 1966 3449 sed
2007 3408 2117 3449 sua

210 3487 332 3566 ipse
355 3482 640 3564 exempla
659 3482 906 3545 vicerat.
950 3481 1236 3546 Conveni
1252 3482 1470 3545 deinde
1490 3484 1569 3545 ad
1595 3494 1871 3564 questum
1890 3493 1953 3545 et
1976 3484 2115 3557 iras,

213 3592 229 3617 ‘
247 3580 396 3662 quid
421 3579 588 3641 aliud
613 3578 791 3658 igitur
814 3588 1084 3651 restaret,
1111 3598 1290 3663 quam
1317 3589 1384 3640 ut
1419 3580 1568 3643 talia
1593 3590 1703 3642 aut
1724 3581 2115 3653 vindicarent,

211 3688 314 3739 aut
333 3686 681 3761 paterentur
695 3676 740 3736 ‘l'
767 3676 1022 3738 invicem
1049 3678 1506 3758 interrogabant.
1590 3687 1610 3716 ⁶
1633 3678 1751 3739 Cui
1778 3680 1933 3739 enim
1963 3700 2119 3740 mor-

213 3775 422 3837 talium
452 3774 734 3856 deinceps
756 3775 1066 3836 caritatem
1091 3785 1198 3837 aut
1217 3774 1683 3837 misericordiam
1706 3779 1925 3857 sperari
1953 3796 2121 3857 posse

215 3871 372 3954 apud
399 3890 560 3945 eum,
595 3872 700 3953 qui
734 3872 796 3931 in
831 3892 1076 3953 puerum
1115 3873 1510 3945 innocentem,
1536 3872 1903 3954 eundemque
1929 3872 2121 3933 filium

214 3990 384 4031 suum
420 3978 516 4029 tot
537 3968 728 4029 modis
749 3968 1032 4031 scelestus
1061 3970 1340 4031 fuisset?'
1423 3970 1554 4031 Hic
1581 3990 1721 4049 ergo
1748 3968 1919 4032 dolor
1942 3979 2007 4030 et
2030 3990 2120 4031 re·
2150 3990 2301 4041 Diod.

217 4068 415 4145 ginam
451 4076 517 4127 et
555 4066 838 4148 populum
865 4064 1340 4145 Alexandrinum
1365 4069 1548 4147 justis
1570 4068 1825 4129 stimulis
1850 4067 2127 4131 adversus

221 4164 606 4246 Physconem
632 4164 784 4225 adeo
809 4164 1202 4238 exulceravit,
1223 4174 1290 4227 ut
1315 4165 1458 4225 nihil
1485 4164 1564 4227 ad
1588 4185 1877 4227 summam
1900 4166 2125 4229 acerbi-

220 4272 402 4323 tatem
427 4262 702 4323 odiorum
728 4261 870 4323 addi
897 4284 1066 4344 posse
1091 4262 1408 4325 videretur.
1513 4344 1520 4349 .

643 4412 678 4459 4
716 4408 852 4461 Edd-
874 4418 996 4461 ante
1015 4410 1171 4491 Crcv.
1195 4418 1378 4463 carent
1399 4412 1473 4475 τό·
1493 4412 1717 4463 natalem.
