3225 5242
804 507 980 572 405⁴
1767 523 1838 571 τ.
1885 521 2076 572 mvn

812 674 913 728 Liv.
946 673 1075 742 Epir.
1132 665 1441 726 tribunitia
1480 665 1766 746 processit
1805 663 2168 746 improbitas.
2251 663 2410 725 Cum
2453 664 2610 726 enim
2643 667 3054 728 constantiam

1132 763 1483 845 optimorum
1508 753 1818 824 consulum
1843 761 2106 821 homines
2131 763 2606 842 importunissimi
2634 765 2912 844 precibus
2937 767 3052 824 mi-

1096 877 1106 888 ·
1134 861 1341 940 nisque
1388 858 1487 919 diu
1536 857 1752 918 frustra
1790 858 2205 929 versavissent,
2242 858 2324 919 ad
2361 867 2716 932 extremum,
2757 861 3053 922 incitante

802 969 909 1022 Cic.
1130 967 1357 1018 ceteros
1376 955 1451 1017 C.
1470 954 1761 1026 Curiatio,
1785 956 1888 1036 qni
1913 971 1994 1016 ex
2013 955 2412 1016 sordidissima
2428 957 2651 1036 origine
2673 957 2752 1018 ad
2773 959 3052 1020 tribuna-

1128 1063 1253 1115 tum
1294 1053 1486 1136 plebis
1511 1060 1878 1134 pervenerat,
1905 1051 2208 1113 consulem
2233 1061 2548 1134 utrumque
2582 1054 2722 1115 duci
2749 1056 2811 1115 in
2837 1075 3054 1118 carce-

1126 1171 1251 1212 rem
1281 1153 1530 1231 jussere.
1613 1149 1921 1211 Dolebant
1963 1169 2080 1211 non
2121 1151 2262 1210 boni
2289 1149 2490 1222 modo,
2515 1151 2622 1212 sed
2645 1154 2830 1214 etiam
2855 1155 3054 1236 vulgo

832 1259 964 1314 ΡΙὶιι.
982 1277 1079 1312 vu.
1114 1253 1250 1331 jam
1289 1249 1551 1332 plerique
1588 1257 1759 1308 tanto
1791 1245 2002 1330 summi
2027 1247 2259 1328 imperii
2281 1246 2592 1308 dedecore.
2659 1235 2802 1310 ‘Sed
2843 1271 3052 1333 neque

798 1327 883 1375 ⁴¹¹·
1124 1349 1315 1410 resisti
1364 1355 1752 1408 sacrosanctae
1813 1345 2092 1426 potestati
2142 1353 2398 1426 poterat,
2451 1365 2644 1426 neque
2695 1367 2732 1406 e
2781 1348 3052 1428 collegio

1124 1446 1459 1526 quisquam,
1490 1452 1558 1504 ιιι
1581 1441 1992 1512 intercederet,
2017 1442 2273 1503 exorari.
2360 1441 2456 1502 Ea
2480 1442 2751 1504 omnibus
2777 1445 2840 1504 in
2869 1450 3050 1528 pravi

1121 1541 1353 1603 consilii
1397 1542 1788 1603 obstinatione
1825 1545 1956 1600 erat
1989 1540 2318 1600 consensio.
2399 1539 2496 1600 At
2519 1539 2752 1602 Nasica
2781 1541 3048 1604 Brutus-

796 1637 902 1690 Cie.
1123 1659 1262 1721 que,
1288 1647 1355 1699 nt
1394 1639 1559 1700 fama
1596 1647 1660 1698 et
1697 1639 1913 1698 virtute
1956 1644 2256 1698 tantorum
2298 1636 2556 1697 virorum
2596 1637 2844 1718 dignum
2885 1651 3048 1712 erat,

1122 1737 1247 1818 pati
1281 1736 1597 1818 quidlibet,
1625 1755 1806 1816 quam
1843 1732 2058 1796 cedere
2097 1733 2416 1794 tribunitiis
2446 1733 2736 1796 fluoribus
2760 1737 2826 1796 in
2853 1757 3050 1798 causa

1120 1833 1546 1905 honestissima,
1572 1831 1925 1894 maluerunt.
2083 1835 2094 1848 '
2979 1827 2996 1842 ⁶

1200 1937 1260 1991 8.
1303 1930 1527 2012 Neque
1566 1930 1778 1990 minori
1818 1928 2097 2010 deinceps
2121 1928 2348 1990 fiducia
2375 1930 2740 1990 tribunorum
2766 1929 2912 1990 aliis
2937 1951 3046 1992 ac-

1116 2027 1376 2088 tionibus
1414 2047 1836 2109 repugnavere.
1875 2063 1882 2070 ·
1919 2026 2068 2094 Qua
2103 2027 2166 2086 in
2199 2047 2264 2086 re
2301 2025 2548 2086 Nasicae
2571 2025 2835 2088 consulis
2861 2030 3044 2089 nobi-

1116 2123 1288 2185 litata
1319 2144 1441 2186 vox
1481 2133 1592 2196 est,
1621 2123 1876 2204 ingentis
1910 2123 2092 2184 animi
2126 2124 2590 2203 constantiaeque
2626 2123 2868 2185 invictae
2910 2126 3044 2207 ple-

826 2235 937 2287 ναι.
954 2235 1093 2292 Mu.
1115 2221 1371 2282 nissima.
1454 2220 1795 2282 Productus
1833 2220 1894 2280 in
1919 2220 2266 2280 concionem
2291 2219 2562 2281 consules
2595 2217 2671 2279 Ο.
2699 2217 3044 2294 Curiatius,

788 2313 877 2349 ¹¹¹·
896 2307 945 2353 ⁷·
1114 2325 1133 2354 ‘
1158 2315 1372 2378 referre
1396 2317 1475 2378 ad
1500 2317 1795 2378 senatum’
1811 2316 2092 2396 jubebat,
2121 2325 2140 2352 ‘
2163 2322 2231 2376 ιιι
2255 2315 2534 2376 adversus
2567 2314 3044 2381 invalescentem

1112 2431 1363 2474 annone
1402 2414 1712 2474 caritatem
1755 2412 2030 2473 frumenti
2067 2410 2303 2474 emendi
2325 2431 2514 2472 causa
2537 2411 2718 2491 legati
2741 2409 3042 2476 decerne-

1110 2512 1352 2572 rentur!
1434 2510 1534 2571 Ibi
1555 2506 1791 2572 Nasica
1812 2507 2026 2570 docere
2053 2507 2336 2589 populum
2362 2528 2547 2579 omis,
2569 2527 2778 2589 parum
2807 2512 3039 2590 proba-

1109 2607 1232 2668 bile
1272 2607 1423 2669 illud
1470 2610 1802 2669 institutum
1844 2625 1994 2678 esse,
2039 2625 2173 2666 cum
2222 2605 2714 2688 interpellaretur,
2757 2610 3044 2671 maxima

1110 2705 1359 2778 fiducia,
1412 2715 1431 2744 ‘
1459 2705 1729 2778 Tacete,'
1784 2705 1998 2785 inquit,
2044 2714 2063 2741 ‘
2093 2704 2386 2772 Quirites.
2493 2701 2663 2765 Nam
2709 2725 2828 2784 ego
2879 2709 3040 2788 quid

1110 2805 1406 2866 conducat
1456 2803 1804 2887 reipublicae
1853 2802 2070 2863 rectius
2119 2821 2300 2882 quam
2346 2821 2455 2862 vos
2497 2799 2814 2881 intelligo?
2905 2805 3042 2866 His

1110 2902 1347 2974 auditis,
1384 2911 1670 2982 tanquam
1709 2899 1874 2961 venti
1915 2899 2262 2982 posuissent,
2307 2899 2670 2960 concitatum
2709 2900 2870 2960 istud
2921 2925 3038 2984 po-

1107 3001 1233 3084 puli
1273 3021 1532 3062 murmur
1570 2999 1880 3070 conticuit,
1905 2997 2279 3078 consulisqne
2313 2997 2504 3058 oratio
2529 3017 2646 3058 non
2673 2997 2856 3059 modo
2885 3021 3038 3062 cum

1105 3101 1363 3172 silentio,
1388 3097 1492 3160 sed
1532 3100 1716 3159 etiam
1747 3117 1886 3157 cum
1911 3094 2341 3177 approbatione
2371 3093 2580 3154 audita
2601 3103 2710 3154 est.
2797 3095 2880 3156 In
2911 3099 3038 3161 hoc

781 3200 891 3284 Lis.
915 3201 1048 3266 Epic.
1104 3199 1417 3262 consulatu
1462 3195 1801 3277 Serapionis
1839 3195 1895 3254 ei
1928 3209 2252 3273 cognomen
2298 3191 2378 3252 ab
2417 3190 2694 3252 irridente
2740 3191 3036 3258 Curiatio

778 3266 1085 3382 gablau.
1106 3297 1463 3378 impositum,
1492 3295 1774 3373 deinceps
1797 3292 1986 3352 hae-it.
2071 3289 2225 3350 Erat
2247 3289 2405 3349 enim
2429 3287 2744 3371 Serapioni
2775 3291 3034 3356 cuidam

812 3395 1060 3448 Pumvu.
1106 3393 1388 3454 vilissimo
1420 3391 1664 3461 homini,
1691 3389 1914 3471 quippe
1948 3387 2146 3448 suario
2181 3387 2552 3465 negotiatori,
2580 3387 2746 3448 vultu
2781 3389 3032 3454 similli-

780 3463 864 3575 Ρ
887 3469 940 3509 ‘¹²
962 3476 1080 3512 ¹¹¹·
1104 3511 1267 3551 mus:
1310 3508 1447 3550 cum
1474 3507 1688 3568 genere
1731 3486 2146 3557 nobilissimos,
2171 3484 2388 3545 virtute
2415 3486 2691 3565 optimos,
2717 3484 3030 3566 dignitate

1102 3587 1456 3648 clarissimos
1486 3593 1767 3666 aequaret.
2187 3625 2190 3630 -

809 3687 918 3738 Cic·
939 3687 1064 3740 Bm.
1182 3695 1245 3748 4.
1288 3685 1435 3748 Non
1462 3685 1730 3745 omittam
1758 3682 1972 3743 referre
2000 3681 2297 3762 judicium
2321 3680 2524 3751 caedis,
2553 3679 2714 3762 quod
2737 3679 2833 3740 his
2859 3691 3025 3745 um-

779 3761 847 3812 ¹⁰'
862 3771 908 3803 ⁰⁰
928 3759 1012 3808 ²²·
1100 3785 1339 3867 poribus
1364 3792 1562 3844 actum
1586 3789 1716 3842 ost:
1751 3796 1889 3841 cum
1915 3780 2066 3840 tanti
2091 3780 2206 3839 hoc
2229 3787 2470 3838 senatus
2489 3777 2746 3849 fecinet,
2774 3787 2846 3839 ut
2867 3799 3024 3842 con-

1096 3881 1323 3943 sulibus
1359 3877 1760 3942 mandandum
1793 3877 2175 3937 existimaret.
2263 3873 2342 3935 In
2383 3874 2634 3936 Scantia
2667 3873 2848 3955 sylva
2887 3879 3028 3938 noti

1096 3980 1341 4062 quidam
1372 3977 1638 4039 homines
1673 3971 1962 4035 interfecti
1994 3972 2265 4033 fuerant:
2309 3971 2882 4052 insimulabaturque
2921 3973 3022 4035 fa-

1096 4078 1285 4148 milia,
1310 4075 1553 4158 quidam
1572 4075 1754 4132 etiam
1780 4070 1974 4141 liberi,
2002 4069 2307 4130 societatis
2339 4071 2491 4149 ejus,
2519 4087 2658 4150 quae
2693 4070 3024 4150 pecuarias

1094 4175 1173 4234 de
1197 4173 1533 4235 censoribus
1556 4169 1842 4252 proximis
1867 4167 2214 4228 redemerat.
2275 4165 2504 4227 Contra
2529 4167 2636 4226 bos
2659 4185 2798 4229 cum
2823 4185 3020 4227 accu-

1092 4335 1422 4399 esentmssit]
1448 4334 1618 4383 Immo
1639 4331 1794 4390 idem,
1815 4330 1856 4380 si
1871 4329 2000 4378 fides
2085 4335 2256 4378 tamen
2279 4333 2492 4398 auctore
2515 4326 2598 4378 hic
2618 4305 2810 4378 ni'titur
2827 4327 3016 4378 Frein-

1090 4399 1355 4468 ‘Epitomae
1378 4399 1499 4450 labri
1524 4409 1720 4449 xnvrn.
1747 4397 1998 4448 Cicerone
2079 4392 2503 4446 abominant-ev.
2592 4441 2600 4447 ,
