3225 5242
958 897 2804 1108 SUPPLEMENTUM

769 2309 907 2396 ibor.

781 3217 995 3309 Appian-

1592 1261 1872 1330 leu
1931 1259 2164 1356 nvn.

1450 1513 2327 1594 HISTORIARUM

1126 1744 1249 1832 T.
1352 1745 1739 1835 LIVII
1841 1673 2620 1835 PATAVINI.

812 2277 1025 2344 Appias.
1104 2292 1164 2346 1.
1206 2255 1562 2350 Scn’mnl
1590 2287 1670 2350 ad
1695 2287 2133 2351 Numantinum
2159 2287 2380 2349 bellum
2401 2287 2796 2369 proficiscenti
2819 2287 3005 2348 nullae

1102 2403 1181 2443 ex
1206 2403 1361 2446 novo
1382 2383 1621 2446 delectu
1647 2385 1838 2468 copiae
1861 2385 2042 2447 datae.
2127 2383 2295 2446 Nam
2321 2395 2383 2446 et
2419 2385 2686 2466 pluribus
2709 2393 2834 2445 tum
2857 2383 3010 2445 locis

1104 2481 1461 2552 bellabatur,
1498 2490 1561 2542 et
1598 2480 1903 2564 Hispania
1939 2485 2110 2561 (nam
2149 2491 2320 2543 erant
2354 2483 2414 2542 in
2451 2500 2526 2542 ea
2565 2483 2822 2572 priorum
2861 2499 3010 2541 con·-

1102 2575 1293 2636 sulum
1318 2576 1607 2656 legiones)
1635 2597 1752 2638 non
1779 2586 1904 2638 tam
1927 2578 2217 2650 exercitu,
2241 2598 2423 2660 quam
2447 2577 2600 2638 duce
2625 2576 2890 2656 indigere
2916 2577 3006 2638 vi-

937 2677 951 2692 ·
964 2741 979 2758 .
1104 2671 1375 2734 debatur.
1460 2672 1833 2734 Submoleste
1859 2673 1924 2734 id
1947 2672 2179 2736 ferebat
2201 2673 2430 2746 consul,
2449 2683 2513 2734 et
2535 2693 2673 2734 cnm
2689 2673 2872 2733 etiam
2899 2693 3010 2754 pe-

1104 2769 1296 2828 cunioe
1322 2770 1623 2850 praesentis
1646 2770 1819 2843 nihil,
1845 2769 1950 2832 sed
1966 2771 2292 2850 vectigalia
2315 2789 2562 2853 quoru-
2589 2768 2718 2831 dies
2741 2769 3008 2831 noudum

1104 2873 1347 2926 venerat
1380 2864 1624 2927 decreta
1655 2874 1885 2937 essent3
1930 2876 1948 2904 ⁶
1978 2868 2093 2928 hoc
2131 2866 2370 2948 quidem
2412 2865 2847 2928 incommodum
2885 2867 3012 2954 suis

1106 2968 1171 3021 et
1208 2961 1528 3022 amicorum
1566 2962 1756 3044 copiis
1799 2962 1986 3025 levari
2021 2967 2218 3046 posse’
2257 2962 2537 3026 dicebat:
2579 2971 2600 3000 ‘
2627 2971 2885 3024 ceterum
2927 2961 3010 3022 de

1106 3066 1321 3138 negato
1344 3057 1582 3120 delectu
1606 3058 1822 3121 durum
1845 3079 1994 3132 esse,
2035 3079 2108 3121 eo
2141 3059 2308 3121 bello
2331 3079 2453 3140 quo
2483 3059 2658 3120 toties
2679 3059 2873 3120 victus
2895 3077 3008 3118 ex-

1104 3155 1320 3216 ercitus
1342 3165 1518 3229 esset,
1542 3156 1666 3217 sive
1691 3157 1906 3217 virtute
1931 3157 2207 3229 hostium,
2231 3157 2356 3219 sive
2379 3175 2492 3219 sua
2524 3157 2783 3236 ignavia,
2807 3155 2926 3216 boc
2951 3153 3014 3216 ei

1104 3252 1489 3330 contigisset'
1569 3251 1766 3331 Igitur
1790 3251 2130 3334 permissum
2147 3251 2674 3324 senatusconsulto,
2700 3260 2721 3289 ‘
2751 3261 2818 3312 ut
2841 3270 2882 3311 a
2903 3271 3014 3312 vo-

1106 3345 1367 3407 lentibus
1406 3346 1583 3407 sociis
1628 3349 1926 3429 acciperet
1961 3347 2231 3410 auxilia!
2313 3347 2607 3410 Civitates
2629 3347 2788 3409 enim
2811 3367 3010 3427 reges-

1107 3463 1225 3523 que
1250 3443 1525 3527 privatim
1548 3444 1607 3504 ei
1634 3445 1856 3506 amicos
1881 3465 1956 3506 ac
1977 3446 2260 3528 hospites,
2286 3445 2523 3507 honoris
2553 3446 2684 3526 ejus
2705 3464 2884 3506 causa
2919 3445 3012 3506 lu-

1107 3539 1313 3599 benter
1338 3540 1613 3600 missuros
1637 3541 1981 3622 apparebat.
2067 3543 2272 3604 Etiam
2308 3561 2387 3603 ex
2427 3541 2770 3603 necesariis
2801 3561 2874 3602 ac
2897 3541 3010 3602 cli·
3087 3559 3096 3570 ·

1106 3635 1347 3696 entibus
1367 3634 1630 3698 delectos
1654 3637 1734 3698 ad
1759 3639 2111 3718 quingentos
2133 3659 2312 3700 unam
2336 3639 2398 3698 in
2429 3636 2610 3711 alam,
2651 3655 2833 3718 qnam
2859 3638 3010 3698 ami-

1054 3759 1065 3772 ·
1108 3751 1313 3792 corum
1337 3732 1618 3806 vocabat,
1642 3734 1981 3796 contribuit.

1188 3834 1251 3888 2.
1294 3826 1401 3890 Sic
1426 3827 1505 3890 ad
1544 3829 1741 3892 millia
1765 3831 2068 3892 bominum
2093 3829 2274 3892 ferme
2299 3839 2552 3914 quatuor
2575 3829 2830 3892 effecta:
2873 3848 3011 3910 quae

1106 3921 1305 3984 fratris
1330 3923 1459 3986 filio
1486 3925 1770 4001 Buteoni,
1797 3927 2073 4009 quaestori
2096 3947 2226 4000 suo,
2251 3947 2386 3988 cum
2423 3928 2484 3988 in
2513 3927 2876 4008 Hispaniam
2894 3926 3009 3986 du-

1108 4019 1301 4080 cenda
1342 4021 1700 4095 tradidisset,
1727 4023 1852 4105 ipse
1895 4045 2030 4084 cum
2075 4024 2280 4104 paucis
2322 4023 2400 4085 ad
2444 4022 2770 4087 exercitum
2813 4023 3014 4084 citatis

1107 4115 1417 4178 itineribus
1465 4119 1746 4200 perrexit.
1829 4117 1900 4180 N
1903 4139 2000 4180 am
2041 4119 2124 4180 ibi
2173 4121 2374 4180 omnia
2409 4119 2556 4182 luxu
2599 4127 2665 4180 et
2706 4117 3014 4180 discordiis

1110 4211 1337 4273 fervere
1362 4225 1762 4295 compererat:
1805 4225 2016 4297 praeter
2035 4214 2312 4276 infamem
2333 4215 2496 4276 illam
2523 4215 2798 4277 adversus
2819 4215 3014 4276 hostes

1111 4307 1431 4387 ignaviam,
1457 4331 1592 4391 quae
1613 4332 1716 4393 per
1741 4319 1832 4374 tot
1856 4332 2040 4374 annos
2061 4312 2401 4387 timiditate,
2430 4324 2534 4375 aut
2557 4313 2874 4375 ambitione
2897 4311 3008 4372 du-
