3225 5242
766 544 833 593 ιι
850 544 969 593 sm
1021 544 1242 613 nxvl.
1289 502 1938 597 superfluam-uu.
2283 528 2458 595 4307

226 685 605 767 providentia
636 706 801 767 spem
826 688 959 767 ejus
980 686 1181 759 elusit,
1206 687 1311 769 qui
1341 687 1593 759 nescius,
1622 688 1726 749 ubi
1759 688 1892 770 plus
1925 688 2132 751 discri-

227 783 409 843 minis
428 783 690 849 futurum
708 791 883 853 esset,
906 783 1131 845 aciem⁷
1160 784 1371 845 eodem
1389 784 1616 857 ordine,
1637 804 1758 865 quo
1779 786 1892 847 iter
1909 784 2136 851 faciens

228 882 573 953 incesserat,
598 881 959 941 continebat.

314 984 417 1039 28.
460 978 657 1039 Primi
701 978 1050 1039 Maurorum
1088 979 1149 1039 in
1195 978 1267 1040 L.
1314 978 1549 1063 Syllam
1595 978 1953 1051 inciderunt,
1997 999 2134 1041 cum

228 1076 505 1155 equitatu
532 1075 845 1137 dexterum
868 1076 1027 1137 latus
1050 1085 1367 1157 tegentem.
1450 1076 1553 1138 Ibi
1594 1097 1794 1158 pugna
1833 1085 2138 1139 contracta
2235 1120 2240 1125 .

232 1172 380 1233 dum
396 1172 667 1257 ferociter
682 1172 1021 1245 dimicatur,
1046 1173 1325 1235 Bocchus
1340 1194 1477 1235 cum
1496 1174 1816 1256 peditibus,
1833 1195 1984 1255 quos
2003 1174 2136 1235 Vo-
2163 1190 2175 1207 ⁸

234 1267 343 1329 lux
370 1265 527 1331 filius
544 1273 679 1351 ejus
716 1270 1073 1345 adduxerat,
1108 1291 1301 1351 neque
1343 1272 1523 1353 priori
1564 1272 1792 1352 praelio,
1829 1271 1890 1331 in
1927 1273 2138 1333 itinera

234 1369 475 1439 morati,
502 1367 816 1441 affuerant,
835 1377 1164 1431 extremum
1186 1368 1443 1431 consulis
1466 1388 1679 1449 agmen
1707 1368 1972 1439 invadit3
2001 1389 2138 1430 cum

228 1464 407 1525 illum
432 1466 493 1526 in
519 1466 768 1547 primam
794 1467 983 1529 aciem
1008 1466 1049 1527 J
1053 1468 1327 1548 ugurtha,
1354 1466 1581 1547 magnis
1602 1466 1828 1527 viribus
1851 1454 2140 1538 invectus,

232 1563 599 1626 attraxisset.
700 1563 859 1625 Tum
914 1564 1233 1645 Jugurtha,
1288 1564 1519 1627 Bocchi
1570 1563 1830 1625 adventu
1882 1564 2143 1643 cognito,

233 1658 399 1721 clam
424 1680 561 1721 cum
595 1662 801 1743 paucis
834 1662 1131 1742 equitibus
1167 1684 1247 1723 ex
1288 1662 1495 1745 praelio
1528 1682 1593 1721 se
1627 1660 1927 1733 subducit,
1963 1669 2028 1721 et
2067 1660 2144 1721 ad

236 1757 475 1839 pedites
498 1756 807 1831 advolans,
834 1758 1057 1821 elatum
1092 1760 1215 1821 alte
1251 1758 1539 1839 gladium,
1562 1778 1742 1839 quem
1778 1756 1976 1819 hostili
2011 1776 2147 1819 san·

238 1855 421 1934 guine
454 1864 889 1927 cruentaverat,
910 1854 1201 1925 ostendit3
1246 1855 1509 1935 adjecto,
1531 1863 1551 1892 ‘
1578 1854 1762 1915 Marii
1798 1854 1958 1915 bunc
1981 1874 2150 1915 eruo·

238 1972 371 2011 rem
401 1971 547 2024 esse,
584 1971 765 2033 quem
796 1972 909 2013 sua
932 1972 1109 2013 manu
1128 1951 1461 2015 occidisset.
1542 1951 1914 2034 Imperatore
1937 1951 2152 2013 amisso

240 2048 461 2109 frustra
484 2068 745 2129 pugnare
771 2046 1125 2109 Romanos?
2021 2078 2024 2083 ·

323 2150 429 2205 29.
471 2143 635 2205 Haec
656 2144 869 2206 Latine
894 2143 1233 2225 prolocutus
1258 2146 1427 2221 (nam
1450 2143 1611 2224 apud
1639 2142 2046 2205 Numantiam
2061 2141 2152 2203 di-

238 2240 497 2320 dicerat)
522 2240 607 2301 ita
626 2239 880 2321 perculit
900 2240 1207 2303 Marianos
1224 2240 1465 2313 milites,
1484 2249 1553 2301 ut
1564 2242 1700 2320 jam
1735 2258 1946 2321 parum
1983 2239 2154 2299 abes-

242 2346 399 2409 sent,
436 2340 577 2418 quin
618 2338 885 2401 hostibus
917 2338 958 2399 J
964 2340 1233 2419 ugurthae
1256 2324 1571 2420 praesentia
1602 2348 1670 2399 et
1705 2336 1848 2398 dolo
1873 2337 2156 2415 majorem
2291 2338 2300 2347 '

245 2436 309 2495 in
330 2435 571 2497 modum
589 2436 953 2499 confirmatis
970 2445 1138 2517 terga
1156 2435 1395 2507 darent3
1425 2456 1563 2497 cum
1582 2434 1654 2495 L.
1678 2432 1854 2517 Sylla
1871 2452 2098 2503 eorum,
2120 2452 2161 2493 a

245 2534 467 2615 quibus
492 2534 663 2594 initio
689 2533 903 2616 pug'nae
927 2532 1245 2615 impeditus
1268 2532 1483 2603 fuerat,
1526 2533 1741 2604 victor,
1783 2530 2018 2593 Mauris
2052 2530 2158 2609 qui

248 2650 393 2691 cum
425 2628 722 2709 ,Iugurtha
754 2638 943 2700 erant,
988 2627 1265 2709 obliquus
1296 2648 1423 2689 sese
1458 2626 1678 2690 intulit.
1762 2626 1938 2688 Idem
1972 2633 2037 2686 et
2081 2625 2160 2685 ab

254 2725 483 2799 Mario,
507 2728 613 2806 qui
636 2726 752 2788 sibi
776 2726 1083 2809 oppositos
1105 2726 1375 2788 similiter
1398 2724 1658 2798 fuderat,
1687 2724 1933 2787 factum.
2001 2724 2160 2785 Boc·

250 2824 405 2884 chus
446 2844 481 2884 e
521 2824 769 2903 vestigio
806 2844 871 2885 se
911 2822 1173 2903 conjecit
1217 2824 1277 2883 in
1314 2822 1535 2904 fug-am.
1638 2822 1938 2903 Jugurtha
1979 2839 2161 2903 prope

249 2929 488 3001 partam
525 2922 833 2983 victoriam
875 2941 911 2981 e
954 2921 1227 2983 manibus
1266 2922 1415 3003 eripi
1456 2921 1688 2994 dolens,
1729 2920 1874 2982 dum
1909 2919 2056 2979 nihil
2081 2919 2162 2979 ad

248 3038 543 3079 summam
596 3020 1033 3081 contentionem
1100 3018 1393 3099 reliquum
1445 3018 1613 3091 facit,
1674 3018 1946 3080 omnibus
2003 3016 2162 3077 circa

252 3116 509 3187 amissis,
566 3118 667 3177 vix
718 3118 870 3178 inter
920 3115 1049 3177 tela
1096 3111 1351 3179 hostium
1400 3116 1561 3177 solus
1602 3115 1829 3195 effugit.
1929 3113 2164 3195 Magna
2221 3138 2486 3191 Diod.Ecl.

251 3212 478 3273 deinde
502 3213 697 3275 caedes
720 3215 781 3273 in
806 3214 1033 3296 campis
1066 3214 1407 3295 patentibus
1441 3212 1591 3274 fuit:
1635 3213 1960 3293 nonaginta
1981 3211 2162 3273 milli·
2189 3219 2386 3255 xxxvr.

254 3311 375 3371 bus
426 3320 805 3386 armatorum,
854 3313 959 3393 qui
1003 3310 1249 3374 adducti
1296 3333 1335 3372 a
1373 3312 1609 3391 regibus
1653 3309 1908 3382 fuerant,
1950 3330 2162 3393 prope·
2187 3268 2332 3318 Ome.

256 3408 505 3471 modum
543 3410 945 3471 internecione
978 3408 1211 3471 deletis.

346 3513 447 3569 30.
492 3506 579 3567 Et
603 3526 727 3567 rem
752 3508 991 3589 propius
1014 3506 1397 3578 intuentibus,
1423 3506 1539 3567 hoc
1564 3504 1804 3565 demum
1829 3504 2036 3587 praelio
2058 3505 2164 3566 de-

258 3602 557 3665 bellatum
580 3614 689 3666 est.
774 3604 1021 3685 Quippe
1058 3604 1271 3685 quinto
1310 3614 1443 3687 post
1474 3622 1609 3664 eam
1648 3621 1908 3684 pugnam
1947 3601 2046 3665 die
2079 3602 2164 3664 le-

260 3702 393 3783 gati
435 3722 476 3763 a
521 3701 771 3763 Boccho
806 3702 1037 3763 Cirtam
1074 3710 1381 3773 venerunt,
1418 3702 1524 3761 ubi
1566 3699 1802 3761 Marius
1836 3700 2166 3781 hybernare
2225 3714 2375 3769 Diod.
2395 3732 2478 3782 ap.

262 3802 671 3871 constituerat,
698 3808 993 3881 petentes,
1032 3808 1052 3837 ‘
1083 3800 1173 3861 uti
1208 3798 1361 3876 duos
1392 3818 1575 3880 quam
1614 3796 1928 3859 fidissimos
1962 3797 2040 3857 ad
2075 3818 2168 3857 re·-
2189 3781 2415 3895 Fxlv‘ian

264 3918 403 3977 gem
446 3899 725 3967 mitteret,
769 3897 1121 3978 quibuscum
1156 3896 1233 3957 de
1278 3895 1605 3958 commodis
1649 3892 1856 3975 populi
1902 3893 2168 3955 Romani
2191 3862 2434 3974 applPutvs

264 3996 505 4075 suisque
547 3994 925 4076 loqueretur?
1008 3993 1181 4054 Missi
1219 4002 1358 4054 sunt
1396 3994 1485 4055 A.
1514 3992 1782 4053 Manlius
1815 3991 2066 4070 legatus,
2095 3990 2164 4050 L.
2190 3971 2309 4027 3⁸¹¹·
2472 3979 2480 3987 ⁸

269 4092 587 4153 Cornelius
605 4092 785 4173 Sylla
806 4100 1087 4172 quaestor.
1130 4090 1231 4151 Ibi
1252 4091 1449 4173 Sylla,
1473 4093 1650 4172 cujus
1671 4088 1970 4151 facundiae
1988 4087 2168 4148 Man·

271 4185 385 4253 lius
422 4200 597 4252 aetate
634 4191 793 4273 prior
828 4197 1110 4261 cesserat,
1152 4190 1335 4249 verba
1362 4189 1557 4249 facere
1595 4187 1825 4269 incipit,
1861 4184 2171 4247 Bocchum

880 4403 911 4448 7
945 4394 1091 4448 Acies
1108 4396 1231 4449 edd.
1256 4402 1377 4447 ante
1398 4396 1555 4447 Crov-
