3225 5242
712 451 892 522 3958
1207 490 1214 497 ·
1684 425 1763 532 'rr
1786 485 1999 552 ‘mvn

1037 635 1368 699 magnoque
1393 639 1530 684 cum
1555 623 1819 688 elamore
1846 628 1925 689 ad
1960 628 2331 710 dejiciendos
2362 634 2501 698 loco
2526 635 2727 702 hostes
2749 641 2955 706 feruu-

1035 723 1150 776 tur.
1235 717 1684 784 Resistentibus
1720 723 1949 786 fortiter
1972 735 2139 809 terga
2160 742 2399 795 vertunt
2422 734 2625 810 Poeni,
2653 738 2957 821 refugien-

1033 807 1240 893 tesque
1274 836 1380 898 per
1423 819 1675 881 eandem
1723 833 1957 904 portam
1996 827 2247 888 insecuti
2290 831 2398 910 qui
2438 833 2813 914 pepulerant,
2846 858 2955 900 eo-

1029 908 1168 970 dem
1192 911 1414 994 impetu
1443 930 1771 999 perrupere.
1856 920 2105 984 Alacris
2138 925 2668 1010 exindettanquam
2696 933 2760 994 in
2784 944 2957 998 certa

971 1008 983 1022 '
1031 1007 1280 1070 victoria
1320 1010 1546 1074 elamor
1601 1014 1804 1097 plures
1845 1038 1924 1080 ex
1985 1021 2301 1084 navalibus
2356 1026 2553 1098 sociis,
2611 1047 2724 1088 nec
2786 1031 2953 1096 enim

1029 1106 1254 1184 procul.
1270 1107 1476 1170 elassis
1509 1111 1742 1186 aberat,
1778 1116 2039 1177 excivit:
2080 1126 2144 1178 et
2166 1118 2246 1180 ad
2272 1119 2579 1182 ferendam
2604 1125 2723 1186 suis
2746 1146 2949 1208 opem,

1029 1205 1208 1282 pauci
1233 1207 1472 1280 armati,
1491 1207 1760 1292 plerique
1787 1231 1909 1294 prae
1932 1212 2130 1290 studio
2153 1225 2217 1277 et
2236 1217 2611 1281 festinatione
2634 1241 2951 1286 semermes
2996 1229 3004 1235 ’

1027 1315 1424 1369 accurrerunt.
1509 1308 1661 1371 Erat
1697 1310 1758 1370 in
1784 1312 1899 1373 hoc
1930 1315 2167 1396 agmine
2187 1314 2314 1392 dux
2343 1319 2493 1400 ipse,
2521 1340 2637 1381 uon
2664 1331 2732 1383 ut
2753 1334 2951 1386 rector

1023 1409 1388 1466 ceterorum:
1431 1405 1559 1479 sed,
1587 1408 1757 1470 velut
1778 1431 1931 1472 unus
1963 1433 1998 1473 e
2022 1415 2221 1488 turba,
2259 1414 2527 1479 laetarum
2564 1439 2755 1482 rerum
2790 1422 2945 1484 ima-

1022 1497 1162 1574 gine
1214 1511 1427 1582 eaptus
1475 1502 1757 1566 adversus
1826 1509 2137 1590 ambiguas
2200 1513 2511 1594 providere
2576 1516 2949 1596 neglexerat.

1020 1595 1219 1657 Tarde
1267 1599 1474 1678 agnito
1519 1602 1808 1684 periculo,
1853 1606 1999 1688 quia
2041 1627 2233 1690 neque
2276 1608 2551 1692 relinqui,
2572 1612 2741 1674 loeus
2784 1623 2941 1690 tuto,

1021 1713 1213 1776 neque
1237 1693 1480 1758 defendi
1520 1699 1645 1760 sine
1689 1705 1867 1767 amis
1896 1713 1961 1765 et
1990 1714 2327 1768 commeatu
2362 1717 2615 1788 poterat,
2641 1730 2681 1771 a
2708 1710 2941 1774 Pisone

1019 1789 1258 1862 milites,
1285 1793 1363 1852 ab
1391 1793 1777 1860 Uticensibus
1800 1801 2033 1862 cibaria
2057 1802 2251 1883 petiit.

691 1881 860 1934 2⁰⁰⁸·
1099 1893 1160 1948 8.
1203 1887 1301 1949 At
1347 1890 1562 1972 frustra
1610 1894 1692 1957 ad
1744 1896 2029 1958 Pisonem
2081 1908 2441 1980 respexerat,
2484 1903 2588 1983 qui
2626 1905 2833 1986 procul
2872 1906 2937 1968 in

1016 1984 1446 2050 mediterranea
1487 1985 1637 2054 loea'
1668 1993 2007 2058 abduxerat
2042 1997 2283 2078 copiast
2324 2017 2519 2078 neque
2548 1999 2939 2066 Uticensibus

1017 2083 1247 2146 animus
1296 2095 1402 2147 aut
1439 2088 1592 2150 vires
1628 2100 1819 2165 eraut,
1870 2094 1995 2154 sine
2030 2095 2268 2174 majoris
2306 2105 2603 2158 exereitus
2657 2101 2935 2180 praesidio

687 2161 904 2279 ASPPJJR·
1015 2178 1094 2240 ad
1121 2183 1333 2244 moenia
1359 2183 1743 2266 Carthaginis
1768 2189 2063 2252 adeundi:
2106 2199 2351 2272 eratque
2386 2192 2447 2252 in
2484 2213 2560 2255 ea
2588 2195 2933 2260 conditione

683 2243 974 2361 Ἀμῗερζζὶε,
1017 2275 1360 2355 Mancinus,
1388 2292 1456 2344 ut
1481 2285 1773 2368 exemplis
1804 2287 2041 2354 illorum
2071 2286 2291 2349 ducum
2326 2309 2665 2353 accessurus
2696 2293 2933 2357 videre-

1013 2381 1130 2447 tur,
1159 2378 1264 2458 qui
1289 2379 1458 2441 nulla
1481 2393 1751 2464 receptus
1766 2384 1987 2446 ‘habita
2012 2386 2262 2459 ratione,
2287 2407 2425 2448 cum
2452 2387 2515 2473 in·
2538 2387 2675 2450 loca
2698 2391 2931 2471 pericu-

1011 2469 1139 2534 losa
1163 2495 1226 2534 se
1251 2478 1665 2557 conjecissent,
1702 2482 1854 2542 tristi
1890 2483 2239 2544 temeritatis
2269 2485 2461 2556 exitu,
2487 2495 2932 2550 monumentum

715 2559 847 2614 ¹²¹⁰*-
876 2563 988 2614 ser·
1011 2572 1258 2649 posteris
1296 2575 1687 2657 reliquerunt,
1728 2587 1749 2616 ‘
1777 2580 1938 2640 bono
1975 2579 2117 2640 duci
2136 2581 2155 2610 '
2202 2580 2392 2661 (quod
2438 2581 2751 2664 aliquanto
2791 2595 2931 2668 post

677 2631 770 2675 ’ω’
1010 2663 1305 2729 Sertorius
1327 2670 1548 2752 dixisse
1575 2673 1823 2754 dieitur)
1848 2685 1867 2714 ‘
1889 2697 2009 2737 non
2044 2677 2474 2759 respiciendum
2497 2680 2712 2753 minus,
2739 2701 2927 2763 quam

676 2753 892 2821 Appi-n.
1005 2765 1479 2846 prospiciendum
1521 2773 1690 2834 esse?
1771 2773 2227 2836 Periclitantem
2272 2794 2349 2836 ne
2394 2774 2569 2836 simul
2608 2796 2743 2838 cum
2784 2777 2925 2844 luce

1004 2859 1532 2944 Carthaginienses
1569 2871 1939 2952 praecipitem
1978 2892 2085 2953 per
2126 2893 2303 2954 rupes
2346 2872 2423 2933 ad
2458 2893 2621 2934 mare
2656 2883 2927 2954 agerent,

999 2955 1240 3021 fortuna
1261 2963 1574 3044 explicuit,
1601 2965 1663 3027 in
1706 2966 1863 3028 idem
1891 2967 2044 3029 illud
2072 2977 2305 3050 tempus
2330 2967 2612 3052 Scipione
2637 2970 2921 3035 adducto.

999 3054 1126 3122 Qui
1152 3067 1220 3119 ut
1243 3069 1373 3120 erat
1397 3060 1475 3122 ad
1502 3064 1706 3126 omnia
1740 3065 1940 3126 subita
1976 3065 2225 3127 consilio
2256 3075 2323 3129 et
2349 3067 2606 3129 audacia
2628 3078 2919 3150 promtus,

995 3171 1160 3214 mora
1186 3155 1354 3220 nulla
1379 3157 1745 3242 interposita,
1791 3161 2103 3224 classicum
2142 3162 2223 3224 ad
2262 3164 2627 3228 revocandos
2658 3167 2767 3247 qui
2802 3187 2918 3244 ex-

992 3249 1341 3314 scenderant
1389 3256 1609 3318 milites
1659 3259 1833 3330 cani:
1878 3261 2097 3341 pubem
2135 3259 2515 3322 Uticensium
2560 3281 2698 3324 cum
2738 3263 2919 3324 armis

991 3349 1198 3427 sequi3
1243 3370 1282 3411 a
1305 3352 1633 3414 senioribus
1657 3365 2051 3418 commeatum
2078 3358 2139 3417 in
2178 3377 2361 3418 naves
2396 3359 2751 3439 comportari
2780 3360 2917 3457 jus·

991 3443 1089 3503 sit.
1173 3444 1284 3507 Ad
1307 3456 1592 3511 terrorem
1618 3450 1835 3513 deinde
1870 3454 2124 3516 hostium
2150 3474 2228 3515 ex
2254 3454 2509 3535 captivis
2533 3454 2765 3535 aliquot
2786 3455 2913 3516 sol-

989 3540 1102 3612 vit,
1154 3545 1522 3609 nuntiaturos
1559 3547 1764 3611 adesse
1803 3547 2168 3632 Scipionem.
2253 3549 2363 3612 Ad
2398 3550 2684 3612 Pisonem
2726 3551 2909 3612 etiam

989 3636 1144 3698 alios
1186 3661 1365 3723 supet
1410 3643 1558 3706 alios
1596 3667 1735 3707 eum
1778 3649 1913 3710 citis
1950 3649 2121 3729 equis
2157 3649 2395 3710 nuntios
2420 3649 2604 3720 misit,
2630 3657 2700 3710 ut
2724 3669 2907 3730 quam

987 3734 1294 3799 celerrime
1321 3740 1402 3802 ad
1429 3741 1855 3824 Carthaginem
1882 3755 2237 3806 occurreret.

1068 3840 1128 3894 4.
1175 3833 1317 3916 Ipse
1341 3835 1556 3900 deinde
1577 3849 1791 3922 quarta
1809 3841 2021 3921 vigilia
2042 3842 2298 3914 solvens,
2322 3851 2389 3903 ut
2406 3842 2647 3923 majoris
2670 3843 2904 3902 exerci-

983 3936 1080 3989 tus
1121 3934 1380 4013 speciem
1419 3936 1647 4027 eminus
1685 3937 1996 4018 praeberet,
2032 3937 2273 4010 milites,
2298 3940 2403 3998 ubi
2429 3939 2902 4020 appropinquas-

980 4037 1114 4088 sent
1147 4032 1301 4104 urbi,
1328 4041 1484 4094 stare
1510 4034 1570 4095 in
1595 4035 1885 4098 tabulatis
1907 4037 2149 4097 navium
2174 4045 2403 4114 erectos
2428 4035 2629 4116 jussit.
2681 4034 2895 4096 Adeo-

981 4143 1097 4204 que
1115 4125 1242 4188 fuit·
1259 4138 1625 4210 opportunus
1654 4132 1934 4205 consulis,
1960 4141 2023 4194 et
2046 4133 2127 4194 ad
2151 4133 2405 4194 salutem
2434 4133 2732 4205 Mancini,
2760 4133 2894 4213 qui·-

977 4235 1096 4300 que
1137 4241 1272 4285 cum
1305 4246 1380 4286 eo
1419 4237 1614 4302 erant,
1650 4230 2009 4292 necessarius
2042 4230 2353 4302 adventus,
2381 4239 2469 4302 ut,
2504 4231 2554 4290 si
2590 4229 2891 4291 tantillum

977 4317 1174 4382 adhue
1208 4341 1388 4384 morae
1427 4324 1887 4408 interposuisset,
1916 4347 2115 4391 serum
2146 4337 2281 4411 post
2314 4335 2626 4410 aooeptam
2650 4325 2891 4388 cladem
