3225 5242
770 602 839 653 ῑ,Ι
854 602 979 652 BR!
1030 601 1217 651 nvn.
1262 600 1607 651 suppum
1624 602 1906 653 EN‘I'UM·

308 748 415 802 31.
456 738 667 803 Nemo
698 744 923 805 interea
952 744 1089 825 plus
1128 752 1233 805 aut
1274 740 1495 805 laboris
1537 750 1643 805 ant
1677 764 1948 807 curarum
1980 745 2133 815 duce

226 838 359 918 ipso
391 840 781 921 capessebat:
822 842 927 921 qui
970 860 1159 922 neque
1202 840 1383 913 diem,
1421 860 1613 921 neque
1633 850 1876 903 ‘noctem
1902 842 2137 904 sinebat

224 936 420 1007 abire,
440 938 583 1017 quin
607 946 765 997 totas
778 938 917 998 illas
934 948 1059 999 tam
1084 938 1205 999 late
1236 946 1505 1019 patentes
1528 938 1884 1001 munitiones
1906 950 2129 1003 castro·

224 1052 357 1092 rum
384 1030 493 1114 per
513 1054 578 1095 se
604 1034 819 1105 obiret,
854 1054 927 1095 ne
952 1034 1096 1115 quid
1122 1054 1371 1115 usquam
1396 1034 1700 1095 remissum
1725 1036 2131 1116 neglectumve

226 1138 560 1209 pateretur.
612 1130 798 1191 Unde
814 1130 985 1191 simul
1018 1130 1131 1211 ipsi
1159 1152 1314 1213 spes,
1339 1130 1511 1190 simul
1538 1130 1698 1211 apud
1727 1130 2133 1195 Numantinos

224 1226 549 1287 solicitudo
582 1228 925 1298 crescebat;
972 1237 1164 1309 nequ'e
1202 1227 1308 1288 diu
1350 1229 1730 1309 repugnaturi
1761 1228 2132 1301 videbantur,

224 1344 367 1383 cum
400 1326 659 1386 arctiora
680 1326 741 1385 in
768 1324 899 1385 dies
922 1324 1133 1385 fierent
1156 1326 1394 1385 omnia:
1422 1334 1483 1385 et
1514 1326 1910 1387 minuentibus
1935 1329 2136 1408 praesi-

226 1422 367 1493 diis,
396 1444 591 1504 neque
622 1432 981 1484 commeatus
1020 1424 1348 1507 importari,
1384 1444 1576 1507 neque
1612 1444 1800 1498 arma,
1830 1446 2019 1507 neque
2043 1427 2137 1487 ui-

229 1518 355 1579 lum
384 1519 681 1581 introduci
708 1521 919 1581 auxilii
944 1505 1125 1600 genus
1153 1530 1405 1601 poterat.

310 1622 419 1676 3⁶2.
462 1616 657 1695 Igitur
680 1618 855 1678 rebus
880 1617 957 1677 ad
988 1617 1451 1698 desperationem
1479 1618 1876 1697 vergentibus,
1903 1616 2136 1679 Rheto-

231 1732 434 1791 genes,
460 1734 691 1775 summa
716 1716 865 1775 inter
886 1736 1022 1775 suos
1038 1715 1277 1786 virtute,
1294 1735 1357 1775 re
1374 1734 1511 1775 cum
1532 1715 1856 1775 senioribus
1875 1736 2138 1776 commu·

230 1810 457 1879 nicata,
498 1830 577 1871 ex
619 1811 879 1871 omnium
918 1810 1297 1870 familiarium
1340 1830 1579 1871 numero
1621 1812 1885 1891 quinque
1925 1810 2140 1872 fidissi-

232 1927 383 1979 mos,
414 1908 631 1987 quibus
656 1907 733 1967 ad
762 1906 967 1967 eadem
998 1907 1281 1968 tentanda
1302 1908 1565 1968 animum
1590 1908 1788 1968 verbis
1803 1907 2139 1979 addiderat,

232 2024 367 2063 cum
411 2006 611 2086 pueris
650 2006 935 2086 equisque
969 2005 1215 2065 totidem
1252 2006 1529 2065 assumit:
1574 2014 1640 2065 et
1671 2012 1848 2066 noctu
1881 2005 2144 2085 quadam

234 2101 529 2161 obscura‘
554 2100 811 2174 delecta,
837 2121 971 2161 cum
1000 2101 1221 2161 tabulis
1243 2103 1331 2162 ita
1349 2103 1593 2181 paratis,
1620 2110 1690 2162 ut
1715 2102 1774 2160 in
1801 2118 1966 2162 usum
1993 2120 2142 2183 pon·

234 2198 311 2257 tis
332 2198 537 2259 subito
562 2199 859 2279 compingi
900 2207 1154 2279 possent,
1191 2197 1270 2257 ad
1304 2218 1535 2257 murum
1562 2198 1818 2259 hostium
1844 2198 2146 2277 ignoratus

236 2294 492 2354 accedit.
574 2294 777 2362 Quem
817 2296 941 2368 ubi,
977 2294 1253 2373 vigilibus
1291 2295 1395 2374 qui
1444 2314 1520 2354 ea
1554 2302 1723 2375 parte
1764 2295 2146 2355 excubabant

234 2390 553 2471 oppressis,
595 2390 1104 2461 conscendisseut;
1150 2390 1359 2451 eodem
1399 2390 1636 2452 silentio
1671 2400 1734 2451 et
1773 2390 2145 2451 festinatione

234 2488 387 2549 alios
416 2508 657 2569 quoque
688 2488 918 2569 vigiles,
960 2487 1151 2548 altera
1187 2508 1265 2549 ex
1310 2497 1477 2569 parte
1514 2488 1688 2561 muri,
1719 2508 1840 2568 qua
1870 2508 2144 2568 campum

234 2586 571 2667 spectabat,
600 2585 829 2647 locatos
852 2586 1293 2646 obtruncarunt.

320 2687 423 2741 38.
464 2681 623 2742 Tum
648 2684 915 2743 attractis
940 2703 1043 2763 per
1074 2690 1313 2764 pontem
1344 2684 1537 2762 equis,
1572 2702 1708 2743 cum
1736 2702 1886 2764 quos
1911 2680 2145 2742 addux-

236 2786 411 2837 erant
460 2796 675 2859 pueros
720 2778 913 2839 felicis
964 2780 1091 2839 ausi
1140 2779 1375 2839 nuntios
1415 2778 1473 2839 in
1518 2780 1726 2838 urbem
1770 2779 2144 2848 remisissent,

236 2877 425 2937 citato
450 2896 625 2936 cursu
664 2898 769 2958 per
804 2878 979 2937 urbes
1017 2876 1429 2936 Arvaccorum
1466 2874 1753 2947 feruntur,
1779 2875 1914 2937 c'um
1939 2876 2146 2935 habitu

238 2981 301 3033 et
322 2974 575 3034 vocibus
594 2972 929 3055 supplicum
958 2976 1291 3034 misen-imm
1314 2974 1545 3035 civitati
1563 2993 1602 3033 a
1621 2972 2070 3052 consanguineis
2085 2980 2150 3032 et

236 3068 521 3131 fratribus
558 3072 679 3131 suis
709 3072 997 3133 auxilium
1022 3080 1273 3131 orantes.
1355 3070 1547 3152 Apud
1575 3070 1724 3131 alios
1748 3050 1884 3152 pius
1907 3072 2148 3131 misera-

209 3170 417 3229 ‘tionis
452 3190 635 3250 quam
671 3169 925 3251 prasidii
964 3180 1293 3251 repertum:
1332 3188 1545 3251 pronos
1577 3166 1655 3227 ad
1686 3166 2148 3229 subveniendum

242 3267 473 3326 animos
496 3274 825 3347 torpescere
852 3268 1105 3346 cogebat
1134 3264 1429 3326 Romanae
1454 3264 1735 3347 potentiae
1755 3265 2070 3345 reputatio,
2087 3273 2150 3325 et

244 3382 409 3441 pene
436 3364 499 3422 in
526 3363 715 3424 oculis
738 3384 875 3423 cum
902 3352 1248 3444 imperatore
1268 3362 1531 3435 maximo
1544 3359 1925 3421 validissimis
1939 3362 2148 3441 copiae.

244 3456 441 3519 Latine
480 3459 748 3520 nonnihil
794 3459 1017 3519 affulsit
1058 3460 1221 3540 spei:
1268 3456 1583 3539 (oppidum
1619 3466 1712 3517 ast
1747 3457 1903 3517 intra
1942 3456 2150 3517 decem
2235 3454 2239 3457 ’

244 3554 437 3615 miliia
460 3576 735 3637 passuum
760 3576 799 3615 a
828 3554 1165 3616 Numantia
1188 3554 1415 3615 distans
1435 3556 1481 3631 ε)
1510 3554 1610 3614 ubi
1628 3556 1937 3634 juventus,
1965 3560 2034 3613 ut
2051 3554 2150 3613 cui

246 3650 379 3730 plus
402 3652 585 3711 animi
610 3672 791 3731 quam
816 3651 1043 3713 consilii
1070 3661 1242 3721 esset,
1270 3651 1573 3711 civitatem
1600 3648 1682 3709 ad
1709 3650 1992 3710 socianda
2017 3668 2152 3708 cum

247 3746 640 3808 Numantinis
690 3768 855 3809 arma
894 3748 1261 3829 impellebat.
1345 3745 1622 3821 Senior-es
1661 3765 1798 3806 cum
1831 3766 1896 3806 se
1937 3744 2155 3805 frustra

244 3844 535 3905 obluctari
578 3855 907 3917 cernerent,
948 3848 1147 3907 statim
1182 3846 1243 3906 in
1282 3854 1478 3905 castra
1518 3842 1814 3924 Scipionis
1853 3844 2150 3914 miserunt,

246 3940 571 4002 indicatum
596 3963 731 4023 quae
756 3944 817 4003 in
839 3962 947 4003 sua
964 3942 1207 4003 civitate
1227 3948 1580 4021 gererentur.

323 4044 429 4099 34.
458 4036 604 4110 Ille,
625 4060 761 4099 cum
780 4040 908 4099 haec
942 4040 1087 4099 hora
1112 4037 1231 4098 diei
1256 4046 1473 4099 octava
1506 4036 1781 4097 nuntiata
1803 4044 2019 4108 essent,
2056 4036 2147 4096 ni-

246 4132 329 4193 hil
356 4144 659 4207 cont-atus,
682 4154 820 4196 cum
844 4136 1128 4217 expedita
1153 4143 1321 4217 parte
1344 4133 1648 4214 copiarum
1675 4132 1954 4215 postridie
1975 4153 2148 4195 mane

308 4358 333 4387 ⁶
368 4350 529 4401 Noetu
548 4350 752 4415 quadan
770 4350 993 4417 omre]
1042 4350 1165 4399 lmi·
1236 4348 1433 4399 miilta'
1486 4348 1685 4400 dixere.
1751 4346 1872 4399 Vid.
1913 4348 2150 4401 Macrob-

250 4420 395 4465 tatur
414 4416 499 4465 hie
522 4426 729 4466 veteres
766 4416 1167 4473 Freinshemius,
1236 4416 1348 4467 Sat.
1382 4428 1423 4466 ι.
1446 4420 1497 4467 4.
1528 4417 1671 4466 Creu.

252 4481 341 4547 qui
384 4488 401 4513 ⁴
424 4490 581 4533 noctu
625 4480 917 4539 concubia,'
968 4482 987 4510 ⁴
1012 4486 1169 4532 noctu

2282 588 2457 657 4097
