3225 5242
771 3438 902 3489 Plor-

769 3504 892 3555 ssu.

1750 558 1823 605 ¹1·-
1870 558 2065 607 mvn

1111 698 1330 761 flumen
1357 703 1528 782 qnasi
1547 720 1824 783 passuum
1842 701 2035 763 millia
2052 700 2487 783 quinquaginta
2506 718 2735 782 asperoe
2756 708 2821 761 et
2844 701 3018 764 sicce

1109 796 1448 859 solitudinis
1469 808 1675 869 erant3
1709 800 2009 878 jumenta,
2034 800 2283 860 sarcinis
2306 798 2519 859 amotis
2554 799 2854 872 omnibus,
2894 798 3019 860 fru-

1111 904 1310 956 mento
1329 894 1558 956 dierum
1579 894 1809 968 decem,
1828 904 1893 957 et
1918 896 2148 956 utribus
2170 897 2435 967 oneras-ig
2480 914 2663 977 pecus
2685 896 2893 967 etiam,
2913 916 3017 957 va-

1107 994 1188 1053 sis
1213 994 1468 1065 rusticis,
1491 994 1836 1076 plerumque
1862 993 2097 1073 ligneis,
2122 1000 2193 1054 nt
2218 1014 2298 1055 ex
2328 994 2579 1073 tuam-iis
2612 992 3017 1055 Numidarum

1107 1088 1310 1169 colligi
1341 1099 1685 1173 potuerant,
1728 1092 2043 1173 impositis,
2085 1092 2219 1172 agi3
2262 1100 2555 1174 preterea
2596 1090 2856 1171 regionis
2888 1092 3021 1172 ejus

1109 1187 1368 1261 accolas,
1393 1190 1499 1271 qui
1523 1199 1662 1272 post
1682 1189 1889 1269 fugam
1914 1190 2069 1269 reg-is
2092 1190 2155 1250 in
2182 1188 2365 1249 fidem
2384 1199 2693 1263 venerant,
2718 1188 2819 1250 die
2854 1188 3019 1250 loco-

1107 1306 1224 1367 que
1245 1286 1565 1368 praedictis,
1582 1287 2087 1370 quamplurimum
2112 1295 2351 1369 ponent
2369 1306 2545 1369 aquae
2568 1296 2805 1368 portare
2816 1287 3016 1366 jubet.

1187 1390 1248 1445 8.
1271 1384 1610 1466 Postquam
1631 1392 1977 1466 perventum
1996 1383 2077 1445 ad
2102 1383 2319 1447 flumen
2344 1394 2457 1457 est,
2486 1384 2749 1466 impletis
2766 1386 3017 1459 utribus,

1107 1482 1186 1543 ad
1213 1482 1410 1544 locum
1434 1502 1615 1564 quem
1642 1482 1927 1543 Numidis
1950 1480 2225 1543 edixerat
2246 1483 2457 1564 pergit.
2541 1480 2643 1542 Ibi
2662 1502 2803 1543 cum
2820 1492 3019 1545 casua

1105 1590 1478 1659 ponerentur,
1519 1588 1731 1662 praeter
1754 1582 1889 1661 ejus
1910 1580 2048 1642 oeli
2082 1589 2352 1641 naturam
2377 1588 2547 1640 tanta
2570 1580 2661 1641 vis
2684 1578 2905 1661 pluviae
2928 1578 3017 1641 ef-

1105 1676 1240 1737 fusa
1267 1676 1448 1739 fuisse
1471 1678 1711 1749 dicitur,
1738 1685 1808 1738 ut
1830 1698 1905 1739 ea
1928 1677 2062 1739 sola
2085 1697 2247 1760 aqua
2270 1676 2537 1739 sufficere
2562 1679 2853 1739 exercitui
2877 1698 3017 1761 pos-

1103 1782 1216 1837 set.
1277 1774 1474 1857 Igitur
1495 1775 1717 1837 milites
1738 1774 2005 1837 Deorum
2030 1775 2147 1837 hoc
2168 1794 2383 1835 nunus
2406 1775 2796 1855 interpretati,
2824 1795 3015 1856 qnan-

1103 1890 1288 1951 quam
1315 1872 1548 1933 adesset
1570 1871 1810 1954 provisa
1849 1861 2024 1955 aquae
2052 1872 2253 1954 copia,
2288 1871 2493 1953 pluvia
2528 1872 2717 1951 magis
2740 1873 2831 1933 usi
2854 1882 3017 1933 sunt.

1106 1969 1312 2031 Etiam
1355 1980 1722 2031 commeatus
1762 1969 1998 2031 abunde
2042 1978 2258 2051 praesto
2302 1968 2438 2042 fuit,
2486 1968 2795 2043 Numidis,
2842 1978 2911 2031 ut
2954 1972 3017 2031 in

1105 2089 1262 2131 nova
1279 2068 1605 2143 deditione,
1626 2069 1827 2131 studia.
1850 2088 1959 2129 sua
1986 2068 2315 2151 approbare
2332 2067 2703 2130 conantibus.
2788 2066 2896 2130 Sic
2924 2089 3017 2131 re·

1101 2165 1260 2229 fecto
1279 2166 1470 2228 milite
1495 2166 1576 2228 ad
1599 2166 1854 2228 Thalam
1890 2178 2127 2249 postero
2148 2165 2251 2227 die
2274 2170 2622 2247 perventum
2656 2175 2771 2239 est,
2806 2176 3017 2227 contra

1099 2266 1438 2345 opinionem
1461 2263 1798 2345 Jugurthae,
1840 2265 1945 2347 qui
1972 2283 2277 2345 nunquam
2300 2284 2377 2324 eo
2401 2271 2844 2344 penetraturum
2880 2262 3014 2325 Ro-

1099 2380 1342 2423 manum
1359 2363 1695 2423 exercitum
1718 2380 1847 2423 esse
1866 2370 2228 2443 speraverat.
2292 2358 2414 2421 Sed
2440 2359 2757 2443 oppidanis
2778 2370 3013 2421 strenue

1099 2476 1266 2519 arma
1298 2460 1762 2541 opponentibus,
1798 2479 1937 2520 cum
1963 2460 2145 2519 etiam
2170 2458 2369 2519 locum
2404 2468 2619 2519 natura
2652 2466 2717 2519 et
2738 2458 3016 2540 operibus

1099 2558 1366 2637 apprime
1391 2556 1786 2638 permunitum
1810 2557 2120 2628 baberent,
2156 2554 2417 2617 difficilis
2454 2557 2823 2637 oppugnatio
2862 2556 3011 2618 fuit:

1091 2652 1406 2735 multoque
1431 2653 1637 2716 labore
1662 2664 1725 2715 et
1752 2655 2017 2736 periculo
2042 2654 2299 2714 militum
2332 2662 2469 2736 post
2494 2652 3012 2734 quadragesimum

1097 2751 1260 2811 diem
1285 2771 1466 2833 quam
1491 2752 1753 2813 obsideri
1776 2750 1974 2813 Thala
1998 2761 2281 2833 asperat,
2304 2760 2487 2832 capto
2510 2761 2621 2813 est.
2702 2752 3011 2833 Perfngae,

1097 2848 1366 2930 pretiosis
1389 2850 1565 2909 rebus
1595 2850 1829 2911 cunctis
1864 2850 1924 2910 in
1946 2850 2172 2929 regiam
2196 2850 2603 2931 comportatis,
2628 2850 2781 2911 inter
2802 2852 3011 2913 vinnm

1013 2962 1020 2969 ·
1093 2955 1160 3005 et
1183 2945 1390 3027 epulas
1415 2966 1596 3028 seque
1611 2955 1677 3008 et
1694 2946 1831 3007 illas
1854 2947 2079 3029 injecto
2102 2948 2239 3027 igne
2264 2956 2725 3009 consumserunt.

1175 3050 1238 3105 4.
1278 3041 1574 3125 Jugurtha
1597 3046 1789 3127 primo
1808 3044 2067 3106 adventu
2095 3044 2338 3106 Metelli
2362 3064 2502 3106 cum
2524 3044 2731 3106 liberis
2752 3054 2817 3105 et
2842 3054 3009 3127 parte

1089 3142 1384 3221 pecuniae,
1423 3162 1531 3224 per
1562 3162 1803 3203 causam
1840 3140 2323 3203 adducendorum
2346 3140 2763 3213 subsidiorum,
2787 3142 3007 3204 disces-

1091 3248 1270 3300 serat.
1354 3238 1424 3300 Is
1446 3260 1526 3301 ex
1557 3260 1631 3301 eo
1658 3248 1924 3321 tempore
1965 3258 2257 3321 nusquam
2294 3236 2549 3320 amplius
2583 3258 2702 3300 uno
2742 3232 2866 3311 die,
2904 3247 3012 3301 aut

1091 3352 1216 3395 una
1259 3344 1432 3397 nocte
1475 3345 1896 3410 commoratus,
1940 3344 2009 3397 ut
2048 3335 2467 3417 proditionem,
2504 3346 2685 3416 quam
2727 3337 3009 3397 continno

1091 3432 1422 3503 metuebat,
1449 3430 1759 3493 celeritate
1782 3434 2033 3502 vitaretz
2062 3442 2358 3513 postremo
2382 3450 2645 3511 egressus
2670 3450 2875 3512 tegno,
2896 3442 3011 3516 per

1093 3546 1342 3607 magnas
1373 3527 1728 3589 solitudines
1752 3528 1830 3589 ad
1852 3526 2129 3589 Gaetulos
2150 3528 2439 3609 pervenit,
2474 3526 2913 3611 collectamque
2930 3550 3007 3591 ex

1089 3624 1190 3685 his
1213 3624 1647 3687 multitudinem
1672 3626 1753 3687 ad
1775 3646 1945 3687 usum
1980 3634 2044 3687 et
2074 3638 2307 3687 morem·
2332 3624 2565 3687 militiae
2600 3644 2883 3688 exercere
2918 3630 3007 3689 in-

1092 3722 1306 3785 stituit.
1391 3722 1703 3784 Bocchum
1729 3742 1971 3805 quoque
2016 3723 2402 3785 Mauritaniae
2438 3742 2659 3803 regem,
2686 3744 2829 3785 cum
2854 3728 3006 3786 ami-

1089 3840 1198 3881 cos
1217 3820 1350 3899 ejus
1369 3821 1600 3900 magnis
1622 3820 1797 3881 donis
1820 3839 1894 3881 ac
1918 3820 2243 3900 majoribus
2264 3820 2561 3902 promiss'n
2583 3820 2697 3881 sibi
2724 3822 3011 3903 propitios

1091 3916 1405 3988 effecisset,
1445 3917 1508 3978 in
1549 3917 1899 3978 societatem
1943 3936 2239 3978 armornm
2282 3916 2559 3999 pellexit,
2598 3917 2889 3979 nonnulla
2928 3918 3007 3981 de

1089 4033 1273 4074 cansa
1306 4014 1521 4073 iratum
1547 4012 1865 4085 Romanis,
1894 4012 2057 4094 quod
2084 4014 2251 4075 initio
2275 4012 2423 4075 belli
2462 4012 2777 4075 Numidici
2814 4013 3007 4077 foedus

1087 4122 1154 4172 et
1193 4113 1518 4173 amicitiam
1559 4112 1775 4173 frustra
1814 4112 2129 4195 petiverat.
2216 4111 2463 4195 Quippe
2502 4132 2596 4173 res
2632 4113 2881 4175 maximi
2924 4114 3001 4175 ad

1086 4210 1397 4271 victoriam
1421 4210 1703 4269 momenti
1730 4208 1950 4282 futura,
1986 4208 2443 4291 impedientibus
2475 4207 2787 4289 Jugunhoe
2820 4230 2999 4292 pecu-

785 4348 923 4399 Plut.
939 4350 1063 4404 Mu·
1089 4306 1225 4379 niis,
1261 4307 1478 4387 quibus
1501 4306 1603 4366 ille
1628 4316 1755 4367 tum
1782 4316 2055 4388 potentes
2078 4307 2139 4367 in
2160 4316 2367 4368 senatu
2391 4316 2670 4389 patronos
2704 4306 2841 4367 sibi·
2856 4326 2996 4368 con-

763 4431 815 4468 s.
831 4418 911 4467 12.

1087 4404 1426 4479 ciliaverat,
1452 4402 1765 4487 repudiata
1784 4413 1907 4467 est.
1984 4402 2149 4468 Haec
2166 4404 2394 4469 offensa
2414 4404 2607 4487 mag-is
2638 4403 2799 4488 apud
2823 4403 2993 4467 ’Βω-
