3225 5242
808 551 1019 604 msar
1068 551 1287 603 tvm.
1331 552 1979 606 suspensurum.
2367 518 2547 607 4123

278 710 631 775 quanquam
665 691 949 753 traditum
984 714 1025 755 a
1058 692 1415 775 quibusdam
1448 700 1561 768 est,
1588 694 1696 773 qui
1731 693 1886 755 forte
1911 690 2076 774 quod
2099 712 2208 774 op-
2241 690 2428 806 vffod'
2451 706 2540 756 ψ·

284 810 553 870 pressum
595 810 636 849 a
676 789 759 849 P.
810 788 1090 873 Scipione
1129 789 1437 851 Tiberium
1477 799 1907 871 compererant,
1935 792 2066 869 ejus
2091 810 2208 850 non
2337 773 2410 807 ‘⁸⁰

283 886 541 947 consilio
564 894 799 949 tantum
823 896 887 947 et
910 888 1283 959 auctoritate,
1308 886 1417 949 sed
1444 888 1628 947 etiam
1646 886 1886 947 vulnere
1912 894 2210 968 patratam

289 983 523 1043 caedem
547 1004 674 1044 esse
700 992 1071 1065 putaverunt.
1155 983 1346 1067 Apud
1370 982 1778 1063 diligentiores
1802 983 2058 1056 invenio,
2072 1002 2212 1044 cum
2237 982 2372 1097 Pluf·

288 1100 370 1139 ex
413 1080 792 1161 prolapsione
830 1100 893 1141 se
936 1080 1259 1155 attolleret,
1284 1081 1437 1163 pede
1472 1080 1738 1142 subsellii
1762 1101 1803 1140 a
1825 1079 1909 1141 P.
1939 1078 2212 1151 Satureio
2233 1050 2442 1165 {15:8¹⁹
2457 1054 2510 1101 ⁸⁶

290 1186 653 1257 occupatum
678 1197 842 1239 esse:
884 1177 1076 1239 altera
1099 1177 1315 1239 deinde
1341 1178 1525 1261 plaga
1550 1178 1622 1237 L.
1644 1177 1946 1238 Rubrium
1969 1176 2214 1256 gloriari

289 1274 553 1334 solinum.
642 1272 747 1335 Ita
770 1293 810 1334 a
832 1274 1079 1355 collegis
1100 1275 1221 1335 suis
1248 1275 1589 1337 interfectus
1610 1282 1724 1346 est,
1741 1294 1932 1355 neque
1956 1274 2211 1334 tribuni-

286 1372 367 1430 cii
390 1371 553 1449 juris
574 1370 859 1431 sanctitas
884 1371 941 1433 ei
968 1370 1209 1452 profuit,
1236 1373 1341 1453 qui
1366 1371 1523 1453 prior
1548 1370 1700 1432 illud
1735 1372 1796 1429 in
1826 1371 1920 1431 Μ.
1948 1368 2212 1431 Octavio
2559 1449 2565 1457 ,

290 1465 605 1529 videbatur
653 1466 931 1528 violasse.
1017 1466 1417 1529 Observatum
1464 1488 1613 1529 sane
1660 1476 1772 1539 est,
1825 1467 2046 1527 nemini
2099 1486 2208 1526 un-
2234 1480 2352 1535 Dio‚
2381 1468 2538 1531 'xum

290 1584 496 1644 quam,
548 1563 653 1644 qui
703 1563 957 1643 collegae
1006 1566 1412 1643 magistratum
1463 1566 1850 1645 abrogasset}
1894 1564 2080 1625 vitam
2130 1562 2208 1623 ad
2227 1544 2510 1662 0:³2¹&pr

292 1659 544 1721 alterum
571 1678 792 1719 annum
816 1659 1143 1722 duravisse.

365 1763 469 1817 60.
514 1755 665 1817 Hoc
702 1757 869 1817 exitu
914 1778 1096 1837 seque
1136 1766 1201 1819 et
1236 1758 1668 1839 rempublicam
1707 1756 1984 1819 turbandi
2025 1754 2208 1817 finem
2227 1772 2444 1841 Appium.

289 1852 433 1913 fecit
460 1852 725 1933 juvenis,
750 1854 801 1913 si
842 1874 1039 1934 pauca
1074 1864 1139 1915 et
1176 1864 1473 1936 postrema
1510 1855 1840 1936 exceperis,
1869 1854 2209 1915 innocentia
2230 1873 2358 1923 vell.
2375 1891 2438 1927 η,
2449 1878 2502 1927 2.

288 1948 449 2020 vitoe,
465 1948 821 2011 claritudine
840 1951 1081 2030 ingenii,
1100 1952 1418 2013 sanctitate
1437 1952 1720 2033 propositi
1745 1951 1962 2011 nemini
1987 1950 2206 2032 postfe-

286 2044 521 2121 rendus.
608 2044 1035 2108 occubuerunt
1056 2068 1195 2109 cum
1220 2068 1293 2109 eo
1316 2048 1583 2109 homines
1612 2048 1869 2130 amplius
1902 2048 2205 2120 trecentis,
2228 2062 2364 2117 Plnt.

284 2142 539 2203 fustibus
576 2162 779 2205 omnes
818 2152 884 2204 et
920 2142 1222 2225 lapidibus
1258 2144 1574 2218 interfecti,
1604 2166 1744 2206 nam
1785 2144 2004 2205 ferrum
2030 2144 2204 2206 abfu-

286 2248 453 2301 erat:
494 2238 849 2303 modestiore
877 2240 1057 2321 paulo
1096 2242 1385 2323 principio
1424 2240 1636 2303 futuris
1671 2240 1948 2302 cladibus
1986 2241 2204 2322 praelu-

285 2336 467 2397 dente
492 2335 809 2397 discordia.
880 2336 1199 2399 Hactenus
1222 2339 1383 2399 enim
1406 2338 1615 2399 studiis
1639 2346 1868 2399 tantum
1893 2337 2204 2419 verbisque
2228 2352 2446 2423 appias.

286 2442 579 2493 certatum
606 2434 667 2492 in
694 2434 839 2493 urbe
864 2432 1077 2495 fuerat.
1161 2435 1270 2496 Ab
1306 2436 1415 2497 illo
1452 2435 1704 2517 primum
1729 2434 2030 2517 exemplo,
2055 2435 2204 2495 civi-

288 2528 366 2590 lis
390 2529 690 2608 sanguinis
713 2530 937 2603 vilitas,
964 2540 1029 2591 et
1050 2530 1385 2611 gladiorum
1414 2533 1734 2615 impunitas
1763 2532 1960 2613 coepit.

366 2633 472 2688 61.
516 2626 787 2707 Corpora
834 2628 1318 2710 insepultorum*
1382 2616 1535 2689 adeo
1584 2628 1900 2711 sepulturae
1965 2648 2202 2710 quoqne
2228 2652 2334 2702 Liv.
2366 2652 2500 2719 Epit.

286 2721 493 2784 odium
531 2722 857 2797 inviderat,
908 2726 971 2785 in
1020 2724 1285 2787 Tiberim
1337 2727 1650 2807 projecta:
1705 2726 1888 2807 ipsius
1938 2725 2202 2789 Gracchi
2228 2717 2518 2833 vssuffigz

284 2818 545 2882 cadaver
570 2820 649 2880 ab
674 2819 851 2881 oedile
889 2820 1167 2883 Lucretio
1202 2823 1265 2884 in
1303 2822 1522 2883 flumen
1561 2823 2020 2905 praecipitatum,
2057 2842 2198 2904 cog·
2320 2820 2334 2835 ⁶
2517 2814 2534 2833 ⁰

284 2936 501 2977 nomen
546 2916 789 2978 familiae
828 2916 1019 2991 dedit,
1058 2927 1129 2979 ut
1153 2918 1537 3002 Vespillones
1578 2916 1948 2981 vocarentur.
2038 2919 2200 2983 Haec
2227 2934 2362 2985 Plut.

283 3015 591 3085 atrocitas,
636 3035 827 3095 neque
873 3016 1031 3077 enim
1074 3015 1317 3077 fratrem
1362 3016 1581 3078 Caium
1629 3025 1695 3076 ut
1735 3024 1908 3077 nocte
1955 3017 2202 3099 sepelire

279 3108 493 3171 liceret
513 3112 947 3193 supplicantem
974 3112 1349 3185 audiverant,
1376 3112 1768 3194 suspicionem
1795 3113 1954 3195 apud
1985 3114 2204 3175 multos

280 3208 597 3281 excitavit,
624 3229 743 3269 non
778 3219 903 3271 tam
946 3231 1147 3272 amore
1188 3212 1422 3293 patriae,
1448 3229 1792 3291 quanquam
1839 3209 1940 3271 hic
1979 3210 2202 3291 ubique

284 3306 660 3385 praetexitur,
702 3326 883 3386 quam
923 3307 1077 3369 odiis
1117 3310 1179 3369 in
1224 3306 1589 3377 Gracchum,
1633 3314 1696 3365 et
1733 3306 1826 3367 sui
1865 3308 2202 3388 compendii

285 3401 483 3479 gratia
510 3400 745 3463 facinus
780 3405 893 3465 hoc
918 3403 1293 3485 designatum
1332 3424 1371 3464 a
1404 3402 1804 3484 locupletibus
1839 3424 1965 3465 esse
1991 3424 2006 3465 ε
2051 3418 2208 3485 μαι-ἐ

284 3498 515 3570 sertim,
542 3518 677 3558 cum
706 3518 977 3561 numerus
1001 3501 1239 3561 illorum
1263 3502 1368 3582 qui
1385 3502 1674 3581 juvenem
1712 3508 1840 3560 tum
1875 3502 2198 3583 stipabant,

284 3596 479 3655 tribus
524 3596 791 3658 millibus
830 3598 991 3661 haud
1034 3599 1307 3682 amplior,
1348 3598 1528 3661 facile
1568 3598 1900 3661 mitioribus
1941 3599 2200 3661 coerceri

287 3692 567 3753 remediis
591 3695 894 3777 potuisset.

365 3796 471 3851 62.
516 3790 861 3853 Laborabat
903 3790 1135 3853 interim
1183 3792 1381 3854 servili
1422 3793 1589 3856 bello
1632 3790 1988 3875 respublica,
2033 3790 2196 3875 quod
2223 3813 2336 3865 Liv.
2354 3813 2486 3881 npit.

826 3965 859 4012 4
891 3958 1195 4026 &epulemur
1215 3959 1337 4011 edd.
1357 3968 1481 4013 aute
1502 3960 1659 4013 Crev.

1063 4086 1431 4111 oeeemooeoo

349 4185 379 4223 Β
410 4184 615 4237 Nemini
647 4200 871 4251 usqum,
902 4188 986 4251 qud
1011 4190 1209 4251 collega
1274 4188 1346 4239 vii
1370 4188 1571 4249 ciunt,
1638 4188 1690 4238 ui
1725 4188 1956 4239 Marullo
1989 4189 2192 4241 Flavio·

279 4253 627 4317 midam
664 4252 961 4316 abrogasset]
994 4253 1055 4303 In
1093 4269 1206 4304 esni
1276 4268 1403 4321 φης
1437 4254 1504 4304 Ρ.
1523 4253 1607 4303 ‘rit
1635 4254 1670 4311 i,
1700 4255 1788 4317 qui
1808 4254 2032 4305 Servilio
2065 4256 2192 4305 Cas-

286 4332 395 4369 rem
418 4316 755 4367 adducuntur
778 4318 1015 4382 exempla
1036 4320 1206 4376 Bruti,
1276 4334 1355 4370 σε
1379 4317 1706 4369 interfectori
1719 4320 1942 4369 Cauris
1957 4320 2190 4371 tribuna·

289 4384 375 4448 qui
390 4382 688 4447 Collatlno3
712 4382 945 4445 Octavii,
965 4384 1055 4449 qui
1080 4385 1207 4434 Cor·
1276 4392 1390 4437 tum
1413 4384 1581 4451 plebis
1600 4383 1938 4451 abrogavere.
1974 4386 2114 4438 Creu.

286 4450 431 4500 nelio
464 4448 650 4499 Cinna
681 4448 1041 4512 consulatuum
1076 4449 1209 4502 Hel-
