3225 5242
841 567 1049 616 unm
1104 567 1235 616 ιιι.
1280 560 1930 616 surusnssu'rum.
2320 543 2494 612 4011

256 731 399 772 cens
419 711 527 793 qui
550 711 610 772 in
636 709 843 772 iisdem
862 709 1150 792 partibuS,
1166 729 1348 790 quam
1368 709 1473 788 qui
1494 707 1555 768 in
1577 706 1840 768 adversis
1863 713 2164 766 steterant.

259 807 478 868 Statim
524 809 686 869 enim
727 816 791 868 et
830 807 1039 868 auxilii
1080 807 1241 886 quod
1285 827 1323 866 a
1366 804 1706 866 Ptolemaeo
1739 810 2076 884 acceperat,
2103 808 2168 860 et
2213 881 2224 894 .

254 905 435 984 qnam
460 925 601 966 cum
625 926 699 965 eo
724 912 1103 966 contraxerat
1126 901 1431 964 affinitatis
1454 900 1694 973 obliuia,
1720 900 2008 961 exercitui
2033 901 2166 978 ejus

256 1000 501 1062 insidias
536 1011 759 1062 struere
800 987 1000 1084 coepit‚
1052 1001 1387 1081 passimque
1425 997 1706 1078 praesidia
1747 997 2162 1078 AEgyptiorum
2189 1017 2416 1070 Machab.

256 1117 293 1156 a
326 1099 671 1160 civitatibus
719 1107 859 1159 sunt
888 1088 1235 1157 interfecta.
1320 1095 1603 1174 Reliquae
1647 1095 1838 1176 copiae
1885 1093 2162 1155 Alexan·
2187 1084 2219 1134 J
2223 1086 2392 1149 oneph.

254 1192 443 1254 driam
468 1215 535 1255 se
565 1215 859 1276 recepere,
886 1191 1107 1254 relictis
1134 1201 1333 1252 tamen
1369 1191 1722 1274 elephantis,
1752 1205 1900 1272 quos
1942 1190 2162 1254 Deme-

216 1295 223 1300 ’
252 1294 397 1352 trius
420 1293 604 1374 cepit.

332 1399 435 1451 48.
482 1389 885 1450 Alexandrini
931 1386 1171 1449 fratrem
1236 1388 1484 1448 extincti
1550 1387 1725 1476 regis,
1780 1387 2162 1468 Physconem

252 1496 667 1568 cognomento,
710 1487 989 1568 Cyl-enisi,
1029 1486 1133 1546 ubi
1178 1487 1489 1564 regnabat,
1524 1485 1864 1546 arcessitum
1909 1485 2162 1566 AEgypti
2187 1509 2370 1561 Emb,

254 1607 433 1667 regno
467 1585 823 1667 praeficiunt.
907 1583 1091 1652 Quod
1125 1584 1301 1666 homo
1328 1585 1591 1645 omnium
1614 1584 2161 1656 facinorosissimas,
2187 1576 2494 1697 m-)¹¹‘²’{⁹‘’ltz¹¹f‚·⁶

252 1705 357 1768 per
380 1705 575 1746 annos
604 1681 941 1762 quindecim
972 1683 1187 1762 quibus
1216 1680 1611 1743 Alexandriae
1653 1682 1942 1760 regnavit,
1970 1683 2160 1742 maxi-
2187 1721 2268 1754 on.
2293 1677 2356 1754 ξι,
2383 1656 2448 1716 ¹⁸¹·

254 1784 363 1843 mis
396 1780 669 1864 implevit
702 1779 1156 1840 calamitatibus.
1242 1779 1413 1840 Nam
1442 1779 1652 1841 eodem
1677 1779 1776 1840 die
1801 1800 1920 1860 quo
1956 1778 2035 1840 ed
2061 1799 2162 1840 ac-
2190 1769 2370 1884 vtgliffl'
2387 1783 2468 1834 ⁸1>-

253 1879 593 1961 cipiendum
646 1897 893 1956 regnum
946 1875 1387 1944 Alexandriam
1438 1879 1784 1950 intraverat,
1827 1877 2044 1938 multos
2082 1898 2162 1938 ex
2223 1869 2362 1949 Just:

254 1977 640 2058 principibus,
670 1995 817 2054 quos
836 1975 1034 2035 fratris
1058 1974 1189 2036 filio
1212 1974 1413 2036 favere
1440 1985 1822 2055 cognoverat,
1842 1977 2158 2036 interemit.
2189 1977 2430 2070 ¹¹¹Y¹¹¹·
2445 1965 2498 2014 ⁸·

254 2073 511 2155 Nuptiis
558 2072 775 2134 deinde
820 2073 1025 2133 matris
1074 2076 1207 2153 ejus
1258 2073 1620 2154 Cleopauae,
1673 2093 1853 2154 quam
1903 2093 2164 2134 sororem

253 2191 443 2243 suam,
484 2171 683 2230 fratris
722 2170 967 2230 alterius
988 2169 1237 2233 ,viduam
1278 2172 1656 2232 matrimonio
1693 2171 1806 2232 sibi
1840 2172 2158 2251 jungebat,

254 2269 443 2349 ipsum
470 2288 706 2350 qnoque
730 2287 1000 2349 puerum,
1034 2287 1177 2328 mox
1210 2267 1445 2328 illorum
1470 2269 1650 2329 etiam
1677 2289 1716 2330 a
1742 2269 1958 2350 quibus
1977 2286 2160 2332 voca-
2186 2323 2338 2375 Diod.

252 2373 347 2425 tus
368 2366 433 2425 in
464 2385 705 2444 regnum
730 2365 925 2425 fuerat
948 2365 1215 2446 quotidie
1248 2366 1464 2426 multos
1486 2366 1729 2428 occidit.
1817 2365 1988 2428 Hinc
2013 2361 2158 2428 exa'·

252 2463 509 2522 cerbatis
554 2464 815 2524 omnium
852 2463 1087 2534 animis,
1128 2462 1385 2544 odioque
1427 2463 1601 2524 simul
1641 2483 1716 2524 ac
1759 2471 1920 2524 metu
1965 2463 2157 2543 nigris,

250 2557 431 2638 vulgo
440 2561 575 2640 jam
600 2561 837 2620 occasio
859 2558 1179 2620 deficiendi
1206 2552 1822 2642 circumspiciebaftur:
1864 2561 2158 2643 plenaque
2275 2611 2284 2617 .

253 2658 477 2729 omnia,
522 2657 675 2717 inter
714 2657 972 2718 infensos
1011 2666 1077 2718 et
1115 2667 1437 2740 suspectos,
1478 2657 1821 2720 diffidentiae
1845 2666 1908 2720 et
1941 2659 2160 2720 irarum

252 2763 438 2814 erant.

328 2857 436 2912 49.
478 2848 675 2930 Igitur
725 2849 1088 2923 Demetrius,
1126 2871 1263 2912 cum
1312 2853 1549 2915 sublato
1591 2855 1652 2916 in
1697 2852 1877 2936 Syria
1915 2854 2156 2926 aemulo,
2214 2904 2248 2956 J
2368 2905 2402 2954 h

252 2947 425 3007 rebus
450 2946 699 3029 AEgypti
740 2968 845 3028 per
886 2949 1191 3010 intestinas
1230 2949 1553 3013 discordias
1583 2953 1882 3024 invalidis,
1911 2953 2070 3013 omni
2093 2971 2158 3012 se
2184 2919 2384 3021 11:²53.
2403 2940 2420 2958 ⁰

252 3045 517 3124 periculo
544 3053 847 3105 exemtum
872 3065 997 3106 csse
1025 3047 1312 3120 crederet,
1340 3049 1400 3108 in
1442 3051 1748 3129 segnitiem
1783 3051 2002 3132 pariter
2035 3049 2156 3110 fas-

250 3151 493 3224 tumque
534 3140 865 3223 prolapsus,
899 3145 1363 3224 magnitudinem
1402 3167 1583 3227 quam
1609 3147 1844 3208 fortuna
1887 3155 2156 3208 astruxe-

252 3247 362 3310 rat,
395 3239 521 3299 suis
558 3237 819 3300 consiliis
861 3239 1153 3322 factisque
1192 3244 1371 3323 coepit
1398 3243 1692 3306 demoliri.
1776 3243 1898 3304 Sed
1924 3244 2158 3306 duabus

252 3337 510 3397 maxime
535 3338 711 3397 rebus
742 3338 995 3416 graviter
1028 3341 1297 3421 impegit,
1324 3341 1486 3421 quod
1518 3351 1581 3402 et
1602 3341 1975 3424 despiciebat
1996 3363 2154 3418 suos,

251 3453 357 3494 nec
381 3455 463 3495 ex
489 3435 813 3515 peregrinis
836 3434 1076 3514 legebat
1099 3447 1168 3497 ut
1199 3439 1449 3520 quisque
1476 3439 1685 3520 aliqua
1709 3461 1770 3500 re
1805 3442 2160 3517 excelleret„

251 3529 351 3590 sed
374 3531 481 3611 qui
516 3551 655 3591 suas
678 3531 923 3592 virtutes
946 3533 1316 3614 impudenter
1333 3537 1663 3614 jactarent,
1689 3545 1752 3596 et
1780 3538 1976 3619 inepte
2001 3560 2154 3621 prae·

250 3625 517 3688 dicarent
534 3629 746 3706 regias.
787 3626 937 3688 Non
961 3637 1085 3690 tam
1111 3631 1375 3710 proclive
1398 3641 1491 3694 est
1512 3633 1672 3694 bono
1696 3653 1875 3713 quam
1900 3637 2156 3716 sequiori

250 3723 500 3805 principi
544 3723 797 3784 similem
844 3727 939 3784 sui
980 3726 1178 3786 aulam
1221 3726 1491 3790 efficere:
1559 3714 1772 3812 sponte'
1806 3731 2045 3794 ferimur
2090 3734 2151 3793 in

249 3819 580 3890 deteriora3
640 3821 925 3880 virtutum
972 3824 1321 3886 exercitatio
1368 3824 1628 3888 difficilis
1665 3835 1756 3888 est
1793 3829 1974 3888 etiam
2015 3849 2152 3890 cum

250 3917 497 3998 praemio
521 3915 819 3997 placendi.

326 4019 431 4074 50.
475 4012 673 4092 Igitur
708 4015 1042 4090 Demetrio,
1077 4018 1332 4080 hominis
1376 4019 1644 4100 regisque
1685 4019 1940 4082 officium
1963 4021 2150 4102 negli-
2180 4047 2333 4102 Diod.

251 4110 431 4188 genti,
469 4131 593 4170 non
628 4110 893 4186 defuere,
940 4115 1043 4196 qui
1078 4116 1269 4194 magis
1310 4117 1613 4198 magisque
1659 4119 2024 4200 praecipitem
2068 4118 2147 4181 ad

251 4220 432 4284 prava
474 4205 643 4280 facta
678 4209 1065 4292 consultaque
1110 4221 1374 4292 agerent.
1459 4213 1737 4275 Maxima
1776 4235 1898 4296 prae
1937 4218 2150 4276 ceteris

252 4303 603 4364 anctoritate
649 4303 973 4369 Lasthenes
1020 4317 1171 4380 erat,
1212 4329 1329 4370 non
1382 4309 1501 4371 levi
1546 4313 1754 4378 merito
1803 4311 2032 4374 reducti
2083 4314 2146 4374 in

253 4398 471 4460 avitum
500 4401 710 4472 solium
750 4404 920 4485 regis.
1002 4404 1191 4468 Illum
1228 4407 1571 4482 Demetrius
1602 4411 1784 4471 etiam
1809 4411 1870 4472 in
1896 4410 2150 4493 publicis
2171 4436 2377 4506 Joneph.

2209 1445 2317 1495 Liv.
2343 1445 2478 1512 Epit.
2575 1465 2592 1480 '
