3225 5242
667 540 844 607 *11⁵8
1301 592 1310 599 .
1555 589 1562 595 .
1650 554 1723 602 r.
1774 550 1961 602 mvn

996 701 1209 783 pianes,
1259 702 1405 781 quia
1439 716 1719 779 magnam
1756 716 1963 760 eorum
2008 698 2131 758 vim
2166 702 2645 777 quaquaversum
2682 689 2906 755 ardena

995 817 1158 859 mare
1199 804 1416 857 tostam
1457 794 1794 877 expulerat,
1838 803 1903 855 et
1944 792 2267 853 multitudo
2302 792 2548 853 incauta
2586 798 2653 851 et
2694 788 2899 861 avida,

996 890 1280 975 tanquam
1303 912 1548 953 munere
1577 891 1846 953 Deorum
1870 890 2156 961 oblatam,
2182 890 2246 950 in
2270 888 2473 949 eibum
2488 894 2769 949 verterat.

617 994 620 997 ’
706 1001 817 1052 Cic.
843 1000 908 1051 de
1077 998 1138 1052 9.
1183 988 1438 1051 Interim
1463 988 1566 1049 lex
1591 988 1669 1049 de
1697 988 2019 1069 peregrinis
2040 986 2185 1047 urbe
2205 984 2501 1067 pellendis
2524 1003 2565 1043 a
2590 980 2687 1042 M.
2712 981 2903 1043 Junio

675 1064 779 1118 ΟΕ·
794 1084 877 1117 ¹¹¹·
891 1070 973 1117 ¹¹·
997 1086 1217 1147 Panno
1233 1087 1474 1147 tribuno
1492 1085 1707 1166 plebia,
1726 1088 1901 1165 cujus
1918 1092 2089 1165 pater
2098 1102 2237 1143 eum
2254 1082 2339 1149 Q.
2355 1080 2520 1141 AElio
2536 1078 2743 1141 eonml
2762 1080 2902 1151 fuit,

707 1181 816 1232 0⁵⁶·
833 1182 974 1233 3¹²⁸·
999 1182 1230 1264 perlata
1261 1190 1389 1243 eet:
1432 1202 1774 1263 quanquam
1810 1200 1943 1241 eam
1968 1179 2045 1241 C.
2072 1178 2407 1249 Graechua,
2446 1177 2789 1259 priusquam
2820 1195 2903 1237 ex

672 1250 838 1361 ‘'f-{22
859 1312 911 1361 i„
999 1280 1148 1341 urbe
1197 1278 1686 1361 proficisceretur,
1736 1278 2115 1339 dissuaserat.
2224 1273 2707 1335 Humaniaaimua
2756 1272 2903 1335 ado·

671 1392 804 1453 voco·
823 1376 945 1427 Re·-
1001 1375 1248 1447 lemene,
1283 1376 1446 1437 urbis
1483 1396 1594 1436 usu
1631 1374 1930 1458 prohiberi
1966 1373 2301 1455 peregrinos
2316 1370 2531 1431 durum
2554 1368 2822 1451 profecto
2840 1378 2909 1431 et

666 1442 900 1508 ''mm'‘
1001 1474 1254 1533 immane
1301 1472 1722 1534 arbitrabatur.
1826 1469 1981 1531 Ideo
2022 1468 2337 1549 quominus
2378 1464 2752 1547 quorundam
2794 1486 2905 1548 pro

997 1570 1231 1631 civibus
1253 1590 1318 1629 ae
1347 1569 1675 1647 gerentium
1702 1566 1958 1627 audacia
1990 1565 2423 1647 prohiberetur,
2460 1584 2579 1625 non
2614 1582 2907 1644 repugna-

999 1667 1144 1727 bat:
1187 1675 1713 1747 temperamentum
1740 1665 2101 1745 requirebat,
2132 1683 2253 1745 quo
2278 1683 2387 1723 neo
2416 1662 2593 1723 malis
2614 1662 2911 1742 impunita

999 1762 1227 1824 delicta
1250 1771 1472 1834 essent,
1509 1782 1621 1823 neo
1656 1762 1797 1822 boni
1824 1760 2198 1821 laederentur.
2282 1770 2300 1795 ‘
2338 1759 2489 1821 Esse
2508 1778 2589 1821 ex
2610 1758 2909 1837 dignitate

1001 1860 1166 1920 urbis
1191 1858 1511 1931 Romana,
1533 1867 1602 1919 ut
1624 1877 1763 1939 quae
1788 1866 1977 1939 eaput
1996 1857 2160 1919 orbis
2182 1866 2471 1917 terrarum
2494 1863 2675 1927 esset,
2693 1844 2910 1915 eadem

709 1957 819 2008 cie.
836 1956 900 2006 ‘¹⁰
1002 1957 1266 2035 gentium
1307 1957 1570 2019 omnium
1602 1955 1774 2017 velut
1806 1956 2135 2017 eommunia
2158 1956 2356 2035 patria
2378 1954 2715 2017 haberetur.
2798 1949 2911 2013 Sic

674 2020 981 2140 {uffan
1000 2056 1182 2117 etiam
1189 2054 1232 2115 J
1231 2073 1406 2116 ovem
1419 2053 1689 2116 Deorum
1703 2055 2055 2135 prinoipem,
2076 2052 2329 2113 eundem
2348 2062 2413 2114 et
2432 2072 2629 2133 regem
2646 2050 2911 2113 omnium

1001 2162 1066 2215 et
1091 2160 1318 2234 patrem
1342 2150 1660 2213 celebrari.

1081 2258 1184 2311 10.
1211 2259 1231 2286 ‘
1251 2248 1474 2331 Neque
1499 2250 1658 2309 enim
1676 2247 1935 2309 alienum
1960 2248 2096 2320 eat,’
2120 2248 2337 2329 inquit,
2365 2256 2383 2283 ‘
2404 2247 2623 2307 imitari
2644 2246 2910 2319 numina,

1000 2367 1138 2429 quae
1179 2346 1452 2421 eclimus,
1495 2356 1580 2417 et,
1622 2366 1873 2427 quorum
1911 2344 2206 2407 beneficio
2232 2344 2311 2406 ad
2336 2364 2631 2405 summum
2656 2346 2717 2405 in
2740 2348 2916 2409 terris

1001 2446 1312 2527 imperium
1373 2446 1773 2527 pervenimus,
1832 2442 2015 2503 etiam
2076 2444 2504 2523 benignitatem
2556 2443 2913 2523 exprimere.

1005 2541 1156 2623 Ipsa
1191 2562 1432 2624 quoque
1467 2550 1685 2602 natura
1716 2542 1806 2601 aie
1840 2542 2225 2620 conjunctum
2254 2550 2347 2601 eat
2370 2541 2706 2601 universum
2732 2560 2917 2619 genua

1004 2639 1329 2712 hominum,
1349 2650 1420 2700 ut
1443 2640 1504 2699 in
1531 2639 1693 2700 illius
1728 2638 1891 2717 leges
1924 2658 2175 2719 peecare
2208 2638 2547 2709 videantur,
2582 2638 2687 2719 qui
2724 2637 2915 2699 ullam

1005 2739 1140 2817 ejus
1157 2746 1388 2818 partem
1409 2745 1534 2797 tam
1555 2737 1808 2816 superbe
1830 2734 2161 2797 fastidiunt.
2247 2735 2521 2817 Corpora
2542 2735 2763 2797 similia
2786 2756 2915 2798 om-

1007 2834 1206 2905 nibus,
1243 2834 1469 2909 animoa
1503 2852 1740 2914 quoque
1764 2833 1999 2893 virtutis
2034 2842 2215 2913 atque
2249 2833 2497 2894 rationis
2530 2852 2785 2915 capaeea
2806 2833 2915 2895 de—

973 2935 980 2941 '
1007 2932 1132 2993 dit:
1173 2932 1410 3002 eoelum,
1437 2939 1678 3002 terram,
1704 2930 1897 2991 maria
1919 2930 2273 3012 publicavit.
2357 2930 2517 2997 Quae
2544 2932 2723 3009 igitur
2744 2941 2921 2994 tanta

1005 3028 1197 3091 voluit
1212 3030 1486 3089 omnibus
1501 3050 1631 3089 eane
1644 3029 2001 3101 communia,
2018 3026 2209 3088 noluit
2222 3027 2512 3110 profecto,
2528 3029 2725 3090 uoluit
2735 3049 2917 3110 quos—

1005 3126 1170 3199 dam,
1201 3147 1318 3187 non
1351 3128 1432 3190 ob
1466 3126 1657 3199 aliud,
1690 3146 1873 3208 quam
1890 3124 2054 3207 quod
2076 3127 2257 3187 certia
2278 3126 2425 3187 locis
2464 3146 2583 3188 non
2614 3128 2736 3188 sint
2766 3130 2919 3201 nati,

1007 3243 1117 3306 pro
1143 3224 1386 3306 impuris
1415 3234 1596 3307 atque
1632 3223 2049 3285 contaminatis
2067 3224 2146 3283 ab
2166 3232 2396 3285 attactu
2416 3233 2617 3286 nostro
2636 3244 2919 3307 conspee-

1008 3329 1194 3401 tuque
1213 3323 1588 3383 summoveri·
2948 3358 2953 3361 ·

1091 3423 1193 3478 11.
1234 3418 1470 3500 ‘Atque
1493 3419 1627 3479 haec
1666 3420 1755 3479 ita
1795 3417 2045 3479 honesta
2082 3426 2241 3488 sunt,
2276 3428 2347 3479 ut
2384 3417 2553 3480 nulla
2588 3428 2761 3483 tanta
2792 3440 2923 3483 eme

1011 3514 1242 3576 utilitas
1275 3525 1482 3596 queat,
1523 3524 1765 3598 propter
1802 3536 1983 3596 quam
2017 3514 2150 3575 tolli
2186 3514 2447 3577 debeant
2484 3524 2593 3577 aut
2624 3518 2922 3598 abrogari.

1014 3612 1151 3691 Ego
1176 3632 1319 3674 vero
1338 3613 1530 3693 legem
1547 3622 1738 3684 tuam,
1774 3612 1868 3673 M.
1894 3611 2133 3683 Penne,
2163 3610 2327 3672 haud
2352 3612 2545 3673 minus
2576 3612 2923 3678 damnosam

1013 3708 1384 3793 reipublicae,
1422 3730 1600 3792 quam
1639 3708 1980 3771 indecoram
2002 3728 2131 3769 ease
2144 3708 2379 3788 judico.
2462 3708 2611 3782 Nae,
2634 3710 2687 3771 ai
2712 3718 2776 3773 tu
2802 3712 2927 3774 illia

1015 3807 1383 3887 temporibus
1423 3807 1695 3877 vixisses,
1736 3824 1873 3866 eum
1911 3803 2189 3865 eonditor
2226 3806 2393 3866 urbia
2430 3804 2733 3869 Romulus
2770 3810 2925 3874 tanti

1014 3922 1158 3964 mox
1199 3904 1384 3966 futuri
1423 3904 1658 3984 imperii
1696 3898 1905 3963 valida
1941 3900 2331 3963 fundamenta
2363 3902 2541 3982 jecit,
2588 3906 2928 3985 peregrino·

720 3988 837 4039 Tm·
860 4004 940 4038 ¹¹·
1015 4020 1224 4061 exesae
1251 4003 1524 4081 jubereS,
1555 4017 1814 4079 suasque
1854 4018 1947 4058 rea
1984 3998 2101 4058 sibi
2141 3997 2383 4059 habere.
2466 3998 2563 4061 At
2600 4000 2703 4063 ille
2748 4000 2927 4085 longe

692 4054 836 4169 ⁸32⁸,
853 4058 946 4184 {22
1017 4098 1338 4178 sapientior
1357 4117 1473 4157 non
1499 4096 1561 4155 in
1589 4097 1799 4156 urbem
1828 4092 2027 4165 modo,
2054 4094 2161 4155 sed
2184 4095 2367 4157 etiam
2390 4096 2453 4157 in
2472 4097 2799 4171 civitatem,
2830 4108 2927 4161 ab

692 4184 896 4236 Balbe.
912 4188 993 4237 ¹⁸·
1019 4214 1136 4274 que
1155 4193 1309 4255 adeo
1327 4195 1673 4255 societatem
1698 4192 1886 4271 regni,
1915 4192 2255 4273 peregrinos
2278 4193 2534 4275 accepit.
2616 4195 2803 4262 Quod
2838 4200 2929 4261 ita

1019 4286 1334 4373 probatum
1372 4312 1483 4352 uau
1521 4300 1705 4371 atque
1744 4289 2101 4353 auctoritate
2122 4289 2479 4371 ‚exemplum
2522 4301 2635 4365 eat,
2676 4303 2745 4357 ut
2776 4314 2927 4357 nun..

1018 4408 1202 4469 quam
1219 4408 1262 4449 a
1283 4388 1606 4468 majoribus
1624 4408 1701 4449 ea
1724 4386 1939 4449 deinde
1958 4386 2039 4448 ait
2060 4388 2393 4449 intermissa
2413 4386 2674 4468 largitio.

1099 4492 1201 4547 12.
1244 4493 1262 4523 ⁶
1288 4486 1392 4548 Ex
1417 4505 1539 4569 quo
1561 4486 1743 4567 igitur
1775 4485 2079 4549 hominum
2114 4504 2328 4565 genere
2362 4484 2452 4547 illi
2488 4485 2566 4549 ad
2592 4494 2685 4549 tot
2718 4490 2929 4569 gravia
