3225 5242
812 521 1019 572 unm
1072 478 1326 574 nirvn.
1370 515 1720 573 surum-1
1737 523 2024 573 surum.
2375 507 2556 575 4335

312 667 519 734 statim
553 664 757 727 reduci
782 664 863 727 ad
900 664 1189 727 Scaurum
1218 666 1423 747 jussit.
1510 662 1668 727 Inde
1711 664 1962 738 factum,
1987 673 2056 727 ut
2081 665 2230 728 forte

312 764 511 823 minus
535 764 849 824 insu-nctus
888 762 1181 825 Scaurum
1214 762 1501 824 damnare
1534 783 1652 824 non
1676 772 1907 845 posset:
1955 772 2040 835 at,
2066 763 2231 844 quod

312 862 792 942 anteponendum
843 860 935 922 illi
982 860 1275 921 desiderio
1320 861 1455 932 fuit,
1509 859 1750 921 laudem
1792 860 1952 942 apud
2004 858 2227 931 omnes,

312 966 666 1039 tantumque
716 964 856 1020 mo‘x
900 959 1107 1038 gratiae
1159 958 1469 1029 inveniret,
1514 966 1583 1018 ut
1629 966 1693 1019 et
1737 958 2004 1038 legitima
2048 966 2228 1019 oetate

302 1054 521 1115 consul
547 1074 891 1135 censorque,
916 1062 981 1115 et
1004 1054 1200 1115 adhuc
1224 1056 1494 1115 tribunus
1517 1053 1713 1135 plebis
1738 1052 2010 1136 pontifex
2035 1054 2226 1115 maxi·-

311 1170 447 1211 mus
462 1160 779 1211 crearetur.
862 1151 1048 1220 Quod
1089 1161 1289 1213 tamen
1324 1152 1501 1213 etiam
1540 1154 1846 1232 praemium
1872 1150 2012 1211 latoe
2037 1152 2096 1211 in
2123 1146 2361 1216 tri-*Lim
2378 1166 2512 1232 Epic.

312 1246 541 1308 buuatu
568 1248 719 1327 legis
739 1249 875 1311 fuit.
961 1272 974 1277 -

394 1350 498 1405 56.
539 1344 789 1407 Tulerat
835 1346 1017 1417 enim,
1071 1354 1091 1382 ‘
1120 1354 1209 1415 ut,
1262 1352 1555 1425 quatenus
1598 1352 1840 1425 propter
1883 1342 2225 1423 religionem
2283 1360 2391 1413 cic.
2411 1363 2474 1412 de
2490 1363 2554 1413 L.

307 1460 610 1503 sacrorum
657 1443 914 1525 populus
961 1441 1293 1503 sacerdotia
1354 1442 1638 1503 mandare
1689 1441 1982 1519 nequiret,
2037 1443 2226 1503 minor
2248 1424 2424 1542 ᾅδω·
2448 1444 2511 1478 ¹¹·

308 1536 611 1601 duntaxat
646 1560 782 1621 pais
820 1540 1027 1623 populi
1070 1547 1417 1601 vocaretur:
1486 1540 1567 1599 ab
1610 1558 1688 1599 ea
1725 1546 1890 1619 parte
1931 1538 2034 1619 qui
2073 1548 2228 1599 esset

312 1637 530 1709 factus,
558 1640 609 1699 is
633 1659 672 1700 a
694 1640 956 1717 collegio
978 1636 1395 1720 cooptaretur!
1464 1636 1567 1697 Ita
1592 1636 1782 1696 tribus
1804 1635 2225 1717 septemdecim

310 1736 717 1797 vocabantur:
761 1756 939 1818 quem
976 1754 1189 1797 novem
1233 1734 1421 1819 tribus
1452 1732 1752 1805 fecissent,
1791 1733 1841 1793 is
1879 1732 2223 1793 obtinebat:

309 1833 851 1913 potentissimorum
901 1833 1208 1893 hominum
1261 1831 1551 1912 collegiis,
1604 1829 2072 1912 cooptandorum
2115 1850 2225 1891 suo
2281 1854 2388 1905 cic.
2402 1870 2492 1919 ‚pm

309 1928 599 1990 arbitratu
650 1930 1021 1991 sacerdotum
1070 1938 1332 2022 potestas
1374 1929 1760 2011 eripiebatur.
1845 1926 2011 1990 Haec
2059 1927 2224 1995 domi
2247 1918 2480 2033 08·ξῶΐὲ-

308 2036 471 2087 acta.
556 2028 727 2091 Foris
752 2028 983 2087 interim
1020 2046 1113 2087 res
1136 2046 1175 2087 a
1200 2028 1551 2108 praetoribns
1582 2024 2062 2105 exercitibusque
2088 2024 2221 2087 Ro-
2247 2046 2368 2097 Ner.
2386 2065 2432 2099 c.
2447 2018 2498 2101 ἦ,

308 2124 505 2183 manis
526 2125 693 2185 varia
716 2124 953 2185 fortuna
978 2132 1165 2203 gesta.

394 2226 497 2283 57.
540 2220 611 2281 L.
641 2221 923 2283 Lucullus
948 2222 1007 2281 in
1045 2220 1317 2283 Siciliam
1339 2218 1563 2280 civium
1589 2217 2002 2279 Romanorum
2029 2224 2093 2275 et
2115 2236 2220 2278 no-
2265 2240 2420 2293 Βίας,
2441 2244 2550 2297 Ecl.

252 2352 259 2357 ·
310 2316 487 2376 minis
510 2317 711 2379 Latini
748 2318 1196 2398 quatuordecim
1237 2315 1429 2377 millia
1468 2317 1810 2394 trajecerat,
1849 2314 2070 2376 additis
2111 2313 2222 2375 Bi·
2245 2320 2436 2359 ¹¹¹V1·

306 2414 627 2494 thynorum
676 2415 1209 2496 Thessalorumque
1262 2422 1326 2474 et
1387 2412 1776 2474 Acarnanum
1827 2413 2221 2491 octingentis:

308 2512 607 2579 variarum
624 2505 847 2573 'deinde
881 2512 1145 2591 gentium
1182 2509 1507 2571 auxiliares
1530 2509 1828 2579 sexcenti,
1851 2509 2222 2593 totidemque

310 2606 567 2679 Lucani,
611 2608 856 2690 cleptio
882 2609 1009 2670 viro
1034 2617 1381 2690 perstrenue
1420 2604 1600 2676 duce,
1627 2614 2015 2667 accesserant.
2101 2608 2223 2669 Fu—

306 2702 503 2779 gitivi,
536 2706 811 2784 praetoris
861 2704 1119 2767 adventu
1168 2704 1433 2782 cognito,
1481 2700 1852 2762 dissidebant
1899 2706 2224 2766 sententiis.

310 2796 741 2879 Expectandos
763 2800 1058 2862 Triocalis
1096 2801 1293 2861 hostes
1329 2797 1642 2879 Tryphon,
1669 2798 2094 2859 occurrendum
2122 2822 2222 2863 ve·

310 2894 609 2957 nientibus
634 2896 904 2959 Athenio
926 2898 1249 2958 censebat:
1292 2914 1433 2955 nam
1458 2904 1520 2955 et
1546 2894 1726 2965 hunc,
1753 2893 1814 2953 in
1853 2896 2102 2973 gratiam
2129 2918 2221 2959 re-

304 2990 847 3067 ceptum,2consilio
871 2989 1156 3071 Tryphon
1176 2988 1550 3049 adhibuerat.
1636 2984 1762 3047 Sed
1788 2996 1851 3047 et
1872 2990 2222 3052 sententiam

306 3085 441 3163 ejus
474 3095 709 3159 secutus
745 3096 871 3149 est:
914 3086 1247 3169 egressique
1288 3083 1449 3145 haud
1492 3084 1800 3165 pauciores
1825 3084 2223 3165 quadraginta
2331 3126 2342 3145 .

308 3180 596 3255 millibus,
624 3190 821 3243 castra
844 3204 1028 3266 prope
1054 3182 1411 3243 Scirthaeam
1428 3184 1452 3220 ⁷
1496 3188 1834 3261 posuerant,
1863 3200 1902 3241 a
1926 3179 2224 3244 Romanis

302 3277 627 3359 ‚intervallo
653 3279 819 3341 mille
840 3280 1099 3342 maxime
1124 3288 1188 3341 et
1212 3278 1664 3359 quingentorum
1691 3296 1990 3358 passuum.

393 3380 493 3435 58.
538 3375 642 3436 Ita
681 3377 823 3438 c'um
863 3376 1233 3458 quotidiana
1279 3374 1652 3440 velitatioues
1695 3372 1930 3445 fierent,
1971 3376 2218 3465 ‘tandem

306 3466 554 3539 accidit,
574 3478 643 3530 ut
662 3470 907 3530 summis
924 3470 1149 3531 viribus
1164 3474 1632 3530 concurreretur.
1682 3465 1900 3529 Multis
1923 3468 2219 3531 hincinde

304 3563 682 3638 cadentibus,
704 3574 909 3641 tamen
948 3573 1278 3627 sustentata
1319 3563 1722 3647 pertinacibus
1766 3565 1978 3623 animis
2019 3586 2220 3645 pugna

304 3670 417 3733 est,
449 3661 640 3725 donec
676 3664 967 3735 Athenio,
1006 3663 1107 3743 qui
1146 3682 1283 3722 cum
1324 3659 1595 3721 ducentis
1626 3658 1880 3721 delectis
1919 3662 2218 3741 equitibus

306 3758 613 3839 praeliatus
644 3762 878 3841 egregie
900 3760 1118 3831 fuerat,
1152 3778 1305 3838 genu
1341 3765 1591 3836 utroque
1630 3756 1884 3827 saucius,
1925 3756 2104 3817 tertia
2126 3758 2214 3817 in—

304 3874 485 3935 super
534 3868 787 3940 accepta
830 3858 1014 3939 plaga
1056 3876 1167 3939 pro
1218 3864 1469 3916 mortuo-
1487 3851 1768 3914 concidit.
1852 3851 1985 3914 Hic
2029 3862 2216 3915 terror

304 3951 489 4013 solvit
514 3952 893 4033 fugitivorum
913 3953 1172 4024 ordines,
1198 3961 1259 4011 et
1272 3970 1407 4012 cum
1422 3951 1636 4010 ceteris
1658 3950 1782 4030 ipse
1803 3968 1910 4009 rex
1927 3949 2214 4031 Tryphon

252 4074 261 4085 ·
304 4046 585 4110 Triocala
606 4050 1125 4113 beneficio“noctis
1148 4050 1357 4111 evasit.
1442 4046 1676 4107 Eadem
1705 4044 2058 4117 Athenioni,
2075 4066 2214 4108 cum

306 4143 461 4221 inter
483 4156 743 4237 mortuos
765 4148 1098 4219 fefellisset,
1118 4146 1299 4207 saluti
1322 4144 1455 4205 fuit.
1537 4142 1888 4203 Ceterorum
1919 4141 1998 4202 ad
2023 4141 2214 4241 millia
2334 4163 2346 4175 “

373 4330 547 4445 ’1οξτὲ
572 4332 715 4407 vulg²
733 4331 1012 4385 Scir-rheam
1049 4331 1103 4381 iu
1136 4328 1257 4381 edd.
1280 4329 1465 4395 priorr.
1499 4328 1654 4379 Crev.
1689 4324 1894 4377 emend.
1921 4286 2216 4381 Scammos

309 4408 379 4443 ex
460 4408 509 4445 ιο
550 4428 564 4444 .
