3225 5242
816 571 1023 622 unm
1076 571 1210 622 ιιι.
1255 569 1912 622 suvrnsnsuruu.
2276 551 2453 620 4001

196 707 446 798 ponere,
482 707 717 780 etcum
756 715 963 798 populi
994 713 1263 778 Romani
1296 703 1646 798 praetoribus
1679 715 1808 777 acie
1836 711 2121 794 congredi
2144 707 2274 762 mor.
2297 717 2456 764 ¹¹·l‘1·

198 833 383 874 ansus
416 823 529 874 est.
1230 861 1237 870 .

276 917 390 970 25.
435 911 681 972 Primus
704 929 905 972 eorum
932 909 1009 972 O.
1043 909 1309 972 Vetilius
1330 910 1573 973 collatis
1602 911 1790 990 signis
1820 910 2036 978 vietus,
2061 916 2127 967 et
2147 906 2288 958 Oro·-
2311 923 2362 958 v.
2381 911 2434 959 ⁴·

198 1027 345 1068 cum
385 1009 451 1068 in
500 1015 852 1089 potestatem
902 1009 1159 1070 hostium
1204 1009 1585 1090 pervenisset,
1629 1007 1974 1069 interfectus
2014 1012 2123 1065 est.
2151 1005 2306 1058 Diod.

198 1103 341 1164 Res
366 1105 449 1164 ad
476 1106 635 1166 hunc
657 1105 899 1168 modum
936 1115 1105 1186 gesta
1128 1105 1398 1168 traditur.
1478 1105 1906 1166 Turdetaniam
1929 1111 2130 1164 vasta·-
2151 1101 2372 1168 APPW'·

200 1202 315 1261 bat
330 1201 749 1264 Lusitanorum
772 1204 1089 1275 exercitus,
1109 1203 1188 1265 ad
1214 1191 1513 1264 hominum
1540 1203 1736 1264 millia
1757 1203 1987 1264 decem.
2051 1200 2128 1261 In

202 1297 315 1358 hos
348 1319 563 1360 recens
589 1298 794 1360 Roma
831 1320 1097 1380 egressus
1130 1321 1265 1362 cum
1300 1301 1712 1382 supplemento
1739 1299 1816 1362 C.
1843 1299 2130 1373 Vetilius,

206 1399 491 1457 assumtis
524 1399 823 1458 veteribus
858 1399 1067 1479 copiis,
1106 1408 1339 1460 sirenue
1363 1399 1588 1460 movit:
1633 1397 2000 1480 adeptusque
2026 1417 2133 1479 pa-

206 1494 514 1567 bulantes,
538 1515 754 1575 magno
790 1496 1103 1558 interfecto
1130 1516 1393 1568 numero,
1418 1506 1646 1558 ceteros
1669 1497 1732 1558 in
1757 1495 1957 1558 locum
1983 1493 2136 1555 adeo
2161 1515 2166 1523 ·

208 1591 481 1672 iniquum
504 1593 815 1676 compulit,
852 1604 919 1655 ut
952 1595 1325 1660 manentibus
1364 1612 1405 1654 a
1443 1593 1626 1665 fame,
1669 1592 2024 1654 abeuntibus
2055 1591 2136 1652 ab

208 1690 384 1749 hoste
426 1688 757 1752 certissima
789 1693 1077 1772 pernicies
1117 1693 1419 1752 imminere
1453 1691 1772 1752 videretur.
1861 1690 2022 1769 Ergo
2050 1689 2136 1748 le-

210 1796 387 1864 gatos
428 1807 569 1846 cum
615 1789 961 1850 velamentis
1002 1790 1333 1870 supplicum
1376 1791 1641 1850 mittunt.
1726 1787 1967 1848 Horum
1999 1787 2140 1846 talis

211 1887 413 1945 oratio
448 1883 582 1944 fuit.
1416 1937 1429 1948 .

294 1989 403 2042 26.
446 1992 467 2018 ⁸
500 1980 649 2043 Non
675 1983 953 2063 equidem
978 2003 1051 2045 eo
1078 1984 1399 2066 proposito,
1430 1981 1720 2055 Romani,
1747 1981 1914 2042 bella
1939 1981 2137 2041 nobis—

212 2097 351 2138 cum
388 2081 618 2157 geritis,
646 2090 713 2141 ut
746 2082 992 2141 innoxia
1026 2089 1199 2161 gente
1233 2079 1436 2142 deleta
1468 2079 1848 2141 solitudinem
1885 2078 2137 2140 faciatis.

214 2177 429 2237 Aliter
454 2197 647 2258 neque
672 2179 1069 2259 supplicatum
1096 2179 1471 2248 ²venissemus,
1498 2187 1580 2249 et,
1601 2177 1652 2236 si
1679 2177 1830 2238 nihil
1859 2176 2143 2259 potuisset

216 2274 456 2346 melius,
490 2275 607 2335 hoc
640 2286 803 2336 certe
830 2278 1165 2354 egissemus,
1194 2295 1269 2337 ne
1296 2275 1471 2336 inulti
1495 2274 1934 2337 occideremur:
1979 2273 2142 2333 haud

216 2391 391 2432 secus
430 2380 613 2452 atque
658 2375 981 2436 certamine
1025 2393 1163 2436 cum
1210 2373 1350 2435 feris
1384 2373 1557 2445 inito3
1597 2371 1759 2456 quod
1810 2390 2022 2453 pacem
2063 2389 2138 2430 ac

218 2469 445 2530 foedera
469 2470 683 2542 nescit,
710 2490 823 2532 nec
850 2471 959 2532 nisi
984 2472 1236 2533 victoria
1261 2481 1367 2531 aut
1388 2479 1575 2533 morte
1598 2470 1964 2530 terminatur.
2007 2466 2144 2528 Vos

220 2576 423 2626 autem
448 2566 575 2626 late
602 2580 937 2648 per'omnes
960 2578 1144 2630 terras
1168 2590 1284 2630 non
1320 2569 1500 2632 modo
1524 2566 1780 2632 rebelles
1803 2564 2060 2646 populos
2081 2565 2142 2624 vi

222 2673 286 2724 et
306 2663 513 2724 Marte
530 2671 553 2711 ³
570 2663 901 2738 domuistis,
918 2665 1021 2726 sed
1046 2667 1227 2728 etiam
1253 2665 1565 2748 plerosque
1583 2664 1770 2744 aequis
1785 2660 2142 2724 conditioni-

222 2761 337 2821 bus
354 2761 641 2842 illigatos,
658 2762 735 2824 de
756 2762 1019 2824 hostibus
1036 2765 1227 2826 socios
1244 2765 1585 2844 amicosque
1608 2759 1852 2822 fecistis.
1908 2757 2005 2818 Hi
2033 2756 2146 2838 ipsi

224 2857 457 2940 populi,
486 2881 593 2942 pro
630 2879 880 2941 quorum
904 2859 1157 2920 tuitione
1181 2867 1377 2922 castra
1402 2859 1517 2919 ista
1538 2857 1655 2919 hoc
1679 2856 1816 2918 loco
1847 2854 2146 2936 posuistiS,

226 2953 553 3034 aliquando
592 2956 791 3016 hostes
830 2955 1033 3027 vestri,
1076 2975 1269 3036 neque
1312 2955 1529 3015 minori
1570 2953 1742 3014 vobis
1773 2949 1938 3022 odio,
1966 2967 2148 3031 quam

228 3048 405 3111 hodie
435 3049 732 3124 Lusitani,
758 3050 1017 3112 fuerunt.

308 3153 412 3210 27.
458 3158 479 3184 ‘
512 3147 709 3229 Igitur
732 3149 795 3209 in
820 3167 1001 3209 causa
1024 3147 1185 3208 haud
1210 3147 1463 3208 multum
1503 3143 1724 3226 dispari
1759 3143 1906 3226 quid
1947 3160 2150 3224 parem

234 3247 285 3301 a‘
316 3244 495 3304 vobis
544 3253 865 3326 expectare
914 3245 1347 3306 humanitatem
1396 3243 1603 3303 vetat?
1647 3242 1966 3324 praesertim
2010 3239 2154 3320 quia

233 3340 403 3400 vobis
436 3342 809 3403 notissimum
834 3349 946 3411 est,
974 3359 1091 3401 non
1118 3339 1339 3420 ingenii
1372 3338 1595 3400 ferocia
1633 3348 1739 3398 aut
1761 3337 1902 3398 odio
1924 3336 2154 3417 imperii

235 3439 435 3508 vestri,
462 3438 573 3498 sed
600 3435 759 3500 fame
788 3457 863 3498 ac
888 3438 1238 3498 necessitate
1263 3444 1512 3514 cogente
1537 3454 1702 3494 arma
1729 3455 1839 3494 nos
1873 3432 2152 3502 induisse,

237 3553 353 3612 quo
376 3533 689 3607 alimenta,
724 3553 861 3616 quai
896 3534 1069 3595 nobis
1104 3553 1143 3593 a
1174 3533 1379 3593 vicina
1410 3541 1473 3592 et
1506 3530 1945 3609 consanguinea
1980 3537 2154 3608 gente

236 3629 625 3710 denegantur,
669 3631 910 3711 quando
948 3651 1055 3713 per
1098 3629 1423 3691 amicitiam
1464 3629 1640 3708 potiri
1673 3647 1790 3688 non
1826 3645 2153 3708 possumus,

240 3728 301 3786 vi
330 3737 817 3810 extorqueamus.
901 3727 1125 3808 Neque
1165 3729 1218 3788 si
1257 3724 1405 3786 belli
1448 3724 1577 3785 ulla
1605 3727 1775 3803 justa
1818 3743 2002 3784 causa
2041 3730 2154 3790 est,

244 3823 370 3885 aliis
412 3826 595 3886 umis
633 3827 849 3887 rectius
888 3827 1184 3905 ignoscas,
1209 3843 1393 3904 quam
1428 3843 1563 3904 quae
1596 3820 1765 3881 nulla
1798 3817 2030 3901 im'perii
2051 3827 2157 3877 aut

243 3941 421 4003 opum
474 3921 778 4003 cupidine,
830 3919 1241 3984 tantummodo
1286 3921 1537 3982 extremi
1586 3919 1758 3980 exitii
1807 3913 2156 3998 prohibendi

246 4018 434 4096 gratia
456 4017 814 4080 sumuntur-‚⁴
892 4019 1136 4080 Natura
1159 4019 1340 4090 enim,
1364 4038 1501 4098 quae
1526 4036 1719 4077 rerum
1739 4014 2002 4075 omnium
2027 4029 2156 4071 ma-

247 4123 333 4174 ter
358 4123 544 4196 atque
568 4115 813 4178 domina
850 4126 964 4187 est,
1006 4116 1143 4178 ideo
1188 4117 1463 4176 nimirum
1502 4122 1674 4175 tanta
1710 4110 1946 4190 frugum
1980 4109 2160 4189 copia

250 4223 431 4274 terras
470 4213 705 4296 aliquas
742 4215 979 4284 ditavit,
1022 4223 1091 4274 ut
1128 4213 1346 4274 exinde
1380 4210 1684 4273 sterilitati
1723 4207 1972 4270 aliarum
1997 4205 2157 4269 sola·

740 4385 770 4431 3
812 4379 1015 4432 victrici
1038 4381 1201 4434 Moru
1222 4379 1347 4431 cdd.
1367 4386 1492 4432 ante
1514 4377 1674 4428 Crev-

740 4446 773 4498 Δ
806 4445 1028 4496 Sentitur
1049 4454 1174 4498 ante
1198 4445 1358 4496 Crev.
1380 4440 1674 4507 legebatur.
