3225 5242
751 582 955 633 unm
1014 582 1243 632 axin.
1240 537 1255 553 ⁹
1286 580 1938 635 surrnnnsswruu.
2282 570 2458 637 ⁴249

182 742 187 747 ·
310 728 417 789 4¹⁷.
460 722 559 785 De
592 730 788 785 cetero
826 725 1079 804 ingentis
1116 725 1297 785 animi
1330 725 1697 799 adoleoeeus,
1729 737 1794 787 et
1835 728 2128 790 inusitatae
2183 728 2248 777 Ju
2249 730 2364 781 stin.

236 821 641 903 amplitudinis
662 823 989 933 potentiam
1007 841 1048 882 a
1066 824 1357 904 principio
1378 824 1580 885 statim
1606 824 1806 885 animo
1819 826 2131 915 complex·
2158 810 2230 841 Π
2239 800 2436 845 xnus.

238 939 325 989 us,
352 939 535 999 seque
570 927 632 979 et
652 920 880 1001 copias,
910 919 1093 979 etiam
1114 939 1251 981 cum
1278 921 1484 1001 procul
1512 920 1694 981 hostis
1715 932 1890 995 esset,
1919 923 2188 983 iudaei-c
2190 928 2272 975 ··⁴

234 1024 441 1075 uenter
481 1016 819 1076 exercebat.
902 1014 1091 1103 Spem.
1134 1018 1267 1096 ejus
1310 1006 1601 1077 inflabant
1650 1026 1912 1078 veterum
1955 1028 2135 1100 atque

236 1130 519 1173 uovorum
545 1112 945 1203 prodigiorum
967 1114 1325 1185 observatio,
1360 1123 1680 1193 vatumque
1704 1114 1957 1186 vanitas,
1984 1116 2133 1194 regi-

102 1276 113 1293 Ι
234 1208 343 1267 bus
368 1210 577 1288 utique
610 1208 773 1269 haud
800 1207 979 1269 facile
1018 1208 1161 1283 alia,
1186 1230 1369 1290 quam
1402 1212 1561 1291 ipsos
1583 1210 1744 1271 velle
1775 1208 2133 1291 intelligunt,

234 1304 717 1385 promittentium.
800 1304 897 1365 Hi
936 1324 1043 1387 per
1072 1306 1409 1385 sagittarios
1444 1316 1509 1367 et
1548 1307 1741 1369 levem
1779 1318 2135 1370 armanni-am

236 1402 534 1495 mirabilia
564 1404 623 1463 ei
660 1402 933 1483 portendi
966 1401 1407 1485 responderant,
1442 1404 1603 1483 quod
1643 1404 1866 1465 fulmen
1898 1425 2034 1466 cum
2069 1406 2136 1465 in
2193 1405 2284 1456 Plu
2287 1414 2324 1454 t.

232 1516 458 1571 casam,
487 1499 589 1559 ubi
618 1518 887 1561 somnum
926 1499 1080 1561 forte
1112 1500 1413 1581 capiebat,
1440 1500 1762 1574 incidisset,
1790 1510 1975 1574 tacta,
2003 1522 2137 1583 quae
2162 1472 2277 1586 856³
2279 1486 2366 1535 1³⁰⁸

227 1596 413 1673 juxta
434 1599 715 1677 suspensa
736 1605 887 1668 erat,
912 1598 1211 1679 pharetra,
1236 1598 1481 1676 sagittas
1506 1598 1894 1659 ambusserat.

168 1692 175 1699 ’
312 1698 420 1753 48.
462 1691 584 1752 Sed
608 1702 671 1752 et
695 1693 885 1775 prima
907 1702 1085 1755 aetate
1109 1702 1233 1755 tam
1271 1714 1457 1776 prope
1480 1685 1704 1755 fulmen
1727 1696 2046 1769 ceciderat,
2073 1705 2142 1756 ιιι

232 1786 471 1861 fascias,
498 1790 715 1869 quibus
738 1800 869 1851 erat
890 1790 1211 1863 involutus,
1236 1792 1610 1864 accenderet,
1627 1800 1702 1869 ⁸e‘t
1724 1794 2022 1854 omanem
2047 1794 2139 1853 in-

232 1883 417 1945 fantis
442 1884 747 1957 lamberet,
772 1888 998 1947 intacto
1023 1886 1173 1947 alias
1194 1908 1462 1969 corpore,
1484 1890 1597 1949 nisi
1624 1888 1783 1970 quod
1807 1888 1970 1949 frons
1995 1889 2138 1949 levi-

232 1990 321 2041 ter
372 1982 589 2043 obusta
627 1984 941 2063 vestigium
990 2002 1163 2045 casus
1202 1988 1335 2064 ejus
1380 1984 1780 2066 iudiciumque
1831 1984 2141 2047 retinebat.

232 2076 415 2139 Hinc
436 2080 495 2138 ei
522 2078 755 2139 Bacchi
788 2098 1111 2159 cognomen
1147 2080 1399 2141 inditum
1432 2102 1558 2142 esse
1588 2081 1830 2163 quidam
1869 2082 2140 2143 credide-

234 2184 394 2245 runt,
436 2174 599 2255 quod
638 2174 799 2235 illius
828 2196 1067 2270 quoque
1116 2178 1371 2239 infantia
1408 2188 1573 2239 tacta
1625 2178 1994 2251 fulminibus,
2037 2200 2138 2239 ne-

232 2291 353 2350 que
380 2270 527 2331 lasa
552 2292 681 2331 eme
712 2263 1031 2333 ferebatur.
1117 2272 1285 2333 Nam
1322 2273 1427 2334 alii
1462 2294 1540 2334 ex
1567 2274 1892 2335 bibacitate
1927 2276 2138 2355 quasi-

234 2376 361 2427 tum
402 2368 621 2440 ferunt,
652 2377 717 2429 et
761 2368 923 2448 quod
963 2368 1178 2429 edendi
1220 2370 1579 2451 bibendique
1614 2372 1916 2453 proposito
1949 2381 2140 2431 certa·
2171 2364 2294 2421 ‘icN
2295 2371 2359 2421 οΙ·
2377 2386 2474 2488 :P-

232 2464 417 2536 mine,
463 2463 623 2523 haud
672 2463 915 2525 dubiam
956 2466 1267 2526 victoriam
1304 2466 1674 2527 obtinuisset.
1775 2466 1934 2527 Sane
1971 2469 2143 2528 multi
2169 2436 2332 2551 ζώω

230 2580 369 2621 eum
396 2560 519 2621 cibi
539 2560 779 2641 vinique
810 2561 989 2621 fuisse
1018 2571 1291 2623 constat.
1334 2562 1439 2623 sed
1466 2563 1858 2641 magnitudini
1885 2566 2148 2645 corporis

232 2666 419 2739 atque
457 2656 671 2718 virium
714 2658 1097 2737 congruebat,
1141 2658 1665 2741 frequentibusque
1707 2662 2144 2721 exercitationi·
2169 2663 2234 2713 Ju
2236 2665 2331 2712 sint

202 2756 367 2826 bus,
398 2754 615 2833 quibus
630 2762 825 2815 ‘comm
848 2774 911 2815 se
937 2753 1266 2827 dediderat,
1302 2756 1594 2817 conviviis
1623 2765 1805 2837 atque
1841 2756 2008 2817 luxui
2035 2758 2145 2817 mi·
2171 2730 2366 2794 Appiam

230 2851 461 2911 nimum
486 2851 766 2912 tribuens.
851 2848 1075 2931 Neque
1110 2872 1253 2913 sane
1288 2861 1415 2912 tam
1440 2861 1612 2914 vasta
1635 2852 1922 2931 cogitanti
1946 2855 2146 2915 remis-

228 2948 389 3007 siore
426 2966 571 3007 cura
608 2966 759 3029 opus
798 2956 949 3019 erat,
996 2950 1159 3029 quod
1210 2946 1445 3010 accolas
1480 2950 1744 3040 omnium
1786 2950 2146 3032 pugnacissi-

230 3058 365 3104 mos
396 3044 679 3105 habebat.

312 3148 423 3201 49.
464 3140 709 3223 Quippe
742 3160 919 3223 supra
954 3148 1199 3221 pontum
1244 3142 1553 3203 Euxinum
1578 3141 1880 3223 Scythicae
1905 3140 2143 3201 Sarma-

230 3237 493 3317 tiaeque
516 3246 723 3317 gentes
746 3237 869 3298 late
894 3235 1255 3309 incolebant,
1282 3239 1499 3318 quibus
1532 3236 1611 3299 ad
1645 3238 1812 3299 bella
1849 3237 1994 3299 nihil
2035 3258 2143 3297 un

230 3352 423 3413 quam
446 3333 559 3393 fuit
582 3334 887 3415 promtius.
957 3332 1099 3394 Hos
1121 3342 1319 3395 tamen
1344 3336 1557 3416 partim
1580 3334 1764 3401 ductu
1783 3354 1912 3407 suo,
1929 3336 2142 3416 partim
2199 3338 2302 3386 Str·
2306 3338 2354 3385 b·
2374 3353 2473 3387 vu.

230 3430 517 3511 auspiciis
540 3450 645 3512 per
672 3428 1079 3511 Diophantum
1106 3432 1366 3491 maxime
1390 3443 1455 3492 et
1485 3430 1952 3513 Neoptolemum
1991 3449 2144 3512 prae-
2169 3420 2287 3519 {87
2289 3407 2404 3453 ³⁰⁶

228 3525 447 3598 fectus,
474 3526 559 3587 ita
584 3526 938 3623 perdomuit,
964 3536 1033 3589 ut
1062 3526 1141 3586 ad
1185 3527 1535 3590 Maeotidem
1560 3537 1624 3588 et
1650 3526 1910 3589 Colchos
1935 3548 2143 3609 usque,

228 3623 525 3683 immenso
567 3632 853 3683 ten-arum
890 3623 1043 3694 sinu,
1088 3624 1397 3705 imperium
1438 3624 1802 3685 extenderet.
1884 3622 2150 3703 Adjuvit

229 3736 399 3791 eum,
444 3737 581 3799 quae
626 3738 929 3799 nunquam
974 3720 1285 3800 potentiori
1328 3720 1519 3791 deest‘,
1560 3722 1815 3781 occasio.
1901 3720 2148 3801 Semper

228 3817 397 3875 enim
422 3817 695 3897 reperies,
723 3818 826 3897 qui
852 3816 1101 3877 aliorum
1140 3817 1368 3895 injuriis
1404 3817 1716 3896 exagitati,
1743 3816 2024 3877 ultionem
2051 3814 2148 3877 vel

226 3932 375 3973 oum
402 3910 693 3973 libertatis
727 3932 851 3973 suoe
884 3911 1147 3994 periculo
1174 3912 1544 3975 meditentur.
1627 3912 1782 3973 Tum
1819 3912 2148 3972 Cherrone-
2204 3932 2292 3980 pp.
2309 3918 2424 3969 309.

228 4026 337 4069 sus
360 4008 505 4069 urbs
528 4008 736 4081 libera,
772 4030 847 4070 ne
884 4010 1241 4091 Scytharum
1275 4010 1335 4069 in
1371 4028 1579 4070 manus
1614 4009 1932 4077 incideret3
1977 4010 2148 4069 item·
2171 3990 2224 4029 ⁰⁸
2241 3985 2358 4031 ⁸¹⁰·
2459 4016 2462 4021 '

226 4126 353 4185 que
407 4104 661 4187 Bospori
700 4114 987 4187 ιγηιιιιιιε
1028 4106 1373 4179 ParisadeS,
1414 4110 1609 4187 majus
1649 4106 1826 4167 solito
1862 4106 2148 4166 tributum

226 4203 316 4262 ab
354 4203 451 4263 his
482 4204 645 4282 exigi
673 4204 1031 4283 indignatus,
1060 4202 1397 4263 Mithridati
1418 4224 1483 4263 se
1510 4201 1894 4264 dediderunt:
1937 4201 2152 4262 frustm

228 4300 685 4379 prohibentibus
712 4299 931 4361 Sciluri
956 4298 1119 4371 filiis,
1146 4318 1297 4380 quos
1320 4318 1559 4359 numero
1582 4308 1646 4366 et
1676 4300 1936 4380 paternis
1961 4299 2144 4361 moni-

370 4414 547 4479 Delph.
565 4420 615 4465 et
639 4414 755 4465 γαν.
779 4416 909 4464 ctat.
1233 4414 1417 4465 Livius.
2214 4416 2275 4463 12
2306 4411 2342 4463 S
2403 4434 2414 4455 ·
