3225 5242
827 929 965 983 Plin-

795 1010 1000 1048 xxvm.
1011 999 1064 1046 9.

825 1109 976 1159 Anct.
1001 1109 1064 1158 de

793 1173 900 1225 vir.
915 1174 1094 1226 Illustr.

1758 583 1827 634 Τ.
1874 577 2067 634 lel'l

1121 737 1250 790 tum
1273 727 1460 800 videt,
1487 729 1705 790 anxius
1728 737 1793 788 et
1816 729 2077 788 incertus
2108 725 2363 798 consilii,
2390 723 2471 786 od
2492 715 2910 794 differendum,
2934 727 3033 784 cui

1119 827 1458 909 prestando
1501 827 1699 907 impar
1750 833 1903 898 eret,
1954 825 2377 904 cogitationem
2426 841 2751 903 curamque
2798 841 3035 882 omnem

1119 933 1462 986 convertere
1485 925 1687 1005 coepit.
1756 923 1901 991 Quo
1926 932 2189 1004 tempore
2216 923 2399 983 etiam
2432 921 2746 1001 caprinum
2770 919 3035 980 bausioee

1119 1022 1466 1102 sung-urinem
1505 1021 1791 1092 creditur,
1816 1030 1888 1081 nt
1924 1019 2101 1080 simul
2138 1019 2423 1080 invidiam
2452 1017 2537 1085 Q.
2566 1017 2841 1099 Caepioni
2864 1037 3033 1077 cren-

1119 1128 1233 1191 ret,
1277 1129 1566 1199 tanquam
1600 1137 1831 1179 veneno
1870 1117 2193 1198 appetitus.
2296 1114 2599 1177 Cecidime
2650 1113 2899 1194 quidem
2940 1133 3033 1174 re-

1118 1229 1298 1300 pente
1337 1220 1400 1278 in
1441 1216 1687 1299 publico
1730 1217 1921 1288 aiunt,
1966 1215 2149 1297 idque
2178 1234 2316 1276 cum
2358 1235 2465 1296 per
2506 1212 2755 1274 Iuliam
2796 1231 3033 1292 pemre-

1115 1316 1360 1390 buisset,
1403 1324 1546 1377 vota
1573 1334 1682 1396 pro
1719 1333 1795 1374 eo
1828 1314 2046 1396 passim
2078 1313 2331 1395 -publice
2374 1321 2672 1393 suscepta.
2758 1307 3033 1376 Quidam

1113 1413 1478 1476 comitialem
1517 1411 1791 1473 morbum
1830 1411 2011 1472 fuisse
2062 1419 2457 1492 putaverunt:
2516 1410 2621 1490 qui
2672 1405 2822 1467 olim
2868 1406 3031 1488 apud

1117 1510 1474 1591 Anticyram
1521 1509 1813 1570 hellebori
1858 1529 1969 1568 usu
2002 1508 2311 1590 depulsus,
2336 1507 2496 1568 curis
2522 1503 2861 1584 vigiliisque
2884 1523 3029 1564 con-

1115 1606 1340 1668 fectum
1379 1606 1739 1688 repetiverit.

1197 1711 1300 1765 28.
1344 1703 1441 1764 Eo
1467 1705 1657 1782 magis
1686 1701 2117 1785 properandum
2156 1699 2327 1769 socii,
2360 1697 2505 1759 dum
2540 1697 2737 1762 adbuc
2764 1701 3029 1766 Drusum

1117 1801 1426 1872 haberent,
1475 1820 1827 1879 omnemque
1872 1799 2155 1880 deinceps
2198 1799 2315 1858 hoc
2354 1798 2625 1858 extincto
2656 1819 2825 1880 spem
2862 1821 3027 1860 sunm

1119 1900 1179 1957 in
1215 1897 1444 1960 irritum
1485 1917 1757 1958 casuram
1794 1897 2083 1968 arbitrati,
2124 1895 2623 1976 quemadmodum
2661 1895 2756 1958 Μ.
2786 1895 3027 1970 Fulvio,

1119 1993 1196 2055 C.
1225 1994 1510 2056 Graccho
1547 1993 1859 2055 trucidatis
1896 1993 2243 2062 occidissem
2286 1991 2535 2052 consilio
2582 1993 2737 2052 inter
2776 2014 2839 2054 se
2884 1995 3029 2054 inito

1113 2092 1234 2152 vim
1289 2111 1522 2172 potare,
1573 2090 1747 2152 dolos
1797 2100 2056 2162 nectere,
2110 2087 2409 2170 quidlibet
2446 2088 2610 2169 quod
2654 2088 3025 2170 perficiundo

1114 2191 1352 2269 negotio
1375 2188 1709 2250 conducere
1734 2189 2063 2258 videretur,
2100 2185 2295 2247 moliri
2336 2195 2519 2266 atque
2560 2195 2791 2247 tentare
2828 2208 3023 2270 coepe-

1111 2293 1268 2346 runt.
1353 2285 1544 2346 Ferioe
1571 2285 1802 2345 Iatinae
1828 2284 2067 2346 indictae
2098 2303 2139 2344 a
2160 2281 2507 2344 consulibus
2536 2293 2730 2354 erant,
2757 2303 2895 2364 quae
2922 2307 3023 2346 an·

1029 2395 1072 2432 1·
1112 2383 1441 2464 tiquissimo
1465 2403 1629 2444 more
1650 2385 1707 2442 in
1723 2383 1975 2443 Albano
1998 2390 2225 2454 monte,
2242 2381 2425 2441 totius
2448 2379 2631 2441 ferme
2649 2379 2856 2441 Italiae
2880 2403 3023 2444 con-

1109 2501 1284 2542 cursu
1312 2481 1786 2544 celebrabantur.
1874 2479 1975 2541 Ibi
2000 2479 2313 2542 scelestum
2334 2477 2647 2538 consilium
2674 2479 2823 2540 socii
2848 2501 3022 2562 cepe-

1111 2588 1269 2651 runt,
1297 2589 1366 2640 nt
1403 2579 1805 2641 sacrificantes
1830 2579 2103 2640 consules
2128 2577 2465 2647 Romanos,
2494 2577 2645 2636 inter
2686 2577 2816 2658 ipss,
2854 2597 3023 2639 sacru

1109 2687 1174 2738 et
1197 2699 1350 2750 aras,
1379 2679 1436 2737 in
1463 2677 1707 2738 modum
1728 2678 2051 2737 hostiarum
2070 2675 2389 2736 caederent.
2454 2672 2581 2734 Sed
2604 2673 2669 2733 id
2694 2672 2865 2736 nefas
2890 2695 3021 2757 pro-

1109 2775 1336 2836 ditione
1362 2775 1724 2843 discussum;
1770 2784 1833 2835 et
1874 2774 1952 2834 ab
1998 2775 2128 2855 ipso
2175 2771 2378 2832 Druso
2422 2769 2711 2833 admoniti
2750 2769 3021 2834 consules

1111 2891 1228 2932 non
1269 2873 1651 2952 praebuerunt
1683 2892 1747 2930 se
1788 2869 2217 2930 insidiantibus.

1191 2977 1291 3030 29.
1337 2970 1621 3030 Ceterum
1644 2969 1775 3027 haec
1802 2977 1925 3028 tam
1966 2967 2159 3027 tristia
2184 2974 2247 3026 et
2272 2965 2657 3028 formidolosa
2683 2979 2883 3030 tamen
2913 2969 3017 3029 ali·

1109 3069 1280 3147 cujus
1306 3067 1446 3126 boni
1473 3084 1657 3125 causa
1683 3063 1905 3145 populo
1928 3062 2211 3123 Romano
2234 3063 2496 3134 fuerunt,
2516 3061 2722 3126 dilatis
2745 3065 3021 3127 civilibus

1109 3165 1308 3235 armis,
1335 3172 1400 3223 et
1425 3161 1502 3224 nd
1538 3171 1772 3242 tempus
1796 3162 2009 3221 obruta
2034 3160 2357 3231 simultate,
2386 3181 2521 3242 quae
2562 3164 2714 3222 inter
2756 3161 3018 3224 Marium

1105 3271 1170 3321 et
1217 3260 1450 3342 Syllam
1501 3262 1560 3319 in
1609 3269 1877 3341 apertam
1924 3258 2275 3319 seditionem
2320 3262 2705 3341 erumpebat:
2762 3271 3016 3322 veterem

1108 3359 1364 3418 virorum
1391 3357 1835 3417 aemulationem
1873 3355 2275 3416 inflammante
2314 3356 2542 3416 Bocchi
2582 3359 2735 3435 regis
2780 3369 3015 3418 recente

1105 3455 1286 3524 dono,
1325 3455 1430 3534 qui
1471 3455 1749 3514 amicitiae
1784 3473 1907 3514 suae
1932 3473 2069 3513 cum
2098 3451 2323 3532 populo
2350 3451 2635 3513 Romano
2675 3473 3013 3515 monumen·

1105 3561 1252 3622 tum,
1284 3549 1614 3610 Victoriam
1665 3570 1930 3620 auream,
1984 3559 2047 3610 et
2075 3551 2261 3627 juxta
2296 3547 2551 3628 effigiem
2580 3547 2796 3631 Syllae,
2818 3573 3011 3612 suam-
3093 3555 3109 3579 ¹

1103 3668 1222 3728 que
1257 3648 1547 3709 tradentis
1581 3648 1673 3708 illi
1712 3647 1753 3707 J
1758 3648 2095 3727 ugurtham,
2132 3649 2393 3706 miserat.
2478 3646 2637 3714 Quae
2676 3649 2848 3728 signa
2880 3670 3011 3710 cum

1105 3745 1164 3804 in
1195 3745 1501 3827 Capitolio
1542 3747 1739 3828 posita
1773 3744 2081 3805 detrahere
2112 3745 2180 3803 M
2188 3745 2367 3814 arius,
2394 3747 2609 3805 acriter
2654 3757 3011 3826 repugnante

1107 3842 1305 3924 Sylla,
1334 3855 1613 3925 cuperet;
1664 3845 1985 3904 amicorum
2022 3831 2376 3914 interventu,
2412 3851 2477 3902 et
2515 3843 2879 3924 temporibus
2902 3845 3009 3904 rei-

1103 3941 1361 4021 publicae
1401 3944 1595 4023 sopita
1637 3943 1875 4001 interim
1910 3941 2046 4000 rixa
2080 3950 2191 4000 est.
2276 3940 2489 4021 Atque
2535 3940 2598 4000 id
2644 3941 2753 4000 nisi
2790 3939 3007 4000 factum

1103 4049 1275 4109 esset,
1305 4039 1645 4120 respublica
1682 4049 1836 4099 stare
1864 4059 1979 4098 non
2020 4039 2327 4120 potuisset.
2411 4037 2653 4120 Quippe
2680 4038 2849 4108 socii,
2876 4057 3005 4098 cum

1103 4137 1420 4218 patefactis
1471 4138 1702 4197 insidiis
1752 4138 1892 4209 suis,
1940 4135 2089 4196 nibil
2142 4134 2309 4196 aliud
2366 4145 2687 4217 expectare
2754 4147 3003 4216 possent,

1102 4249 1284 4314 quam
1323 4245 1392 4296 ut
1431 4237 1492 4295 in
1534 4225 1803 4296 a'uctores
1840 4243 2231 4315 qurereretun
2276 4253 2411 4294 cum
2458 4231 2641 4293 semel
2686 4253 2853 4294 ruere
2891 4251 3003 4292 coe·

1100 4333 1342 4412 pie-ent,
1388 4333 1510 4394 alia
1542 4332 1807 4414 quotidie
1846 4343 1911 4393 et
1942 4333 2236 4392 atrociora
2271 4333 2597 4392 machinari
2628 4351 2745 4392 non
2783 4328 3003 4390 desine-

1101 4428 1265 4489 baut.
