<?xml version="1.0" encoding="UTF-8"?>
<!DOCTYPE html PUBLIC "-//W3C//DTD XHTML 1.0 Transitional//EN"
    "http://www.w3.org/TR/xhtml1/DTD/xhtml1-transitional.dtd">
<html xmlns="http://www.w3.org/1999/xhtml" xml:lang="en" lang="en">
 <head>
  <title>
</title>
<meta http-equiv="Content-Type" content="text/html;charset=utf-8" />
  <meta name='ocr-system' content='tesseract 3.04.00' />
  <meta name='ocr-capabilities' content='ocr_page ocr_carea ocr_par ocr_line ocrx_word'/>
</head>
<body>
  <div class='ocr_page' id='page_1' title='image "./tliviipatavinih36unkngoog_0243.png"; bbox 0 0 3225 5242; ppageno 0'>
   <div class='ocr_carea' id='block_1_1' title="bbox 821 582 2493 652">
    <p class='ocr_par' dir='ltr' id='par_1_1' title="bbox 821 582 2493 652">
     <span class='ocr_line' id='line_1_1' title="bbox 821 582 2493 652; baseline -0.001 -1"><span class='ocrx_word' id='word_1_1' title='bbox 821 600 1027 651; x_wconf 77' lang='lat' dir='ltr'><strong>unm</strong></span> <span class='ocrx_word' id='word_1_2' title='bbox 1078 598 1243 652; x_wconf 70' lang='lat' dir='ltr'><strong>axi.</strong></span> <span class='ocrx_word' id='word_1_3' title='bbox 1285 598 1941 651; x_wconf 65' lang='lat' dir='ltr'><strong>surranuswruu.</strong></span> <span class='ocrx_word' id='word_1_4' title='bbox 2314 582 2493 650; x_wconf 78' lang='grc'><strong>4189</strong></span> 
     </span>
    </p>
   </div>
   <div class='ocr_carea' id='block_1_2' title="bbox 251 740 2455 2580">
    <p class='ocr_par' dir='ltr' id='par_1_2' title="bbox 251 740 2173 2479">
     <span class='ocr_line' id='line_1_2' title="bbox 341 740 2169 825; baseline 0 -22"><span class='ocrx_word' id='word_1_5' title='bbox 341 748 444 804; x_wconf 80' lang='grc'><strong>19.</strong></span> <span class='ocrx_word' id='word_1_6' title='bbox 485 740 618 803; x_wconf 85' lang='lat' dir='ltr'><strong>Ubi</strong></span> <span class='ocrx_word' id='word_1_7' title='bbox 641 740 884 817; x_wconf 79' lang='lat' dir='ltr'>diluxit,</span> <span class='ocrx_word' id='word_1_8' title='bbox 909 753 973 805; x_wconf 88' lang='lat' dir='ltr'><strong>et</strong></span> <span class='ocrx_word' id='word_1_9' title='bbox 995 753 1231 805; x_wconf 68' lang='lat' dir='ltr'><strong>senatuis</strong></span> <span class='ocrx_word' id='word_1_10' title='bbox 1247 753 1631 817; x_wconf 78' lang='lat' dir='ltr'><strong>convenerat,</strong></span> <span class='ocrx_word' id='word_1_11' title='bbox 1658 741 2169 825; x_wconf 77' lang='lat' dir='ltr'><strong>nudum‘Antyllii</strong></span> 
     </span>
     <span class='ocr_line' id='line_1_3' title="bbox 259 840 2169 924; baseline 0.001 -24"><span class='ocrx_word' id='word_1_12' title='bbox 259 861 476 923; x_wconf 87' lang='lat' dir='ltr'><strong>corpus</strong></span> <span class='ocrx_word' id='word_1_13' title='bbox 491 860 628 901; x_wconf 89' lang='lat' dir='ltr'><strong>cum</strong></span> <span class='ocrx_word' id='word_1_14' title='bbox 649 844 962 921; x_wconf 78' lang='lat' dir='ltr'><strong>gemitibus</strong></span> <span class='ocrx_word' id='word_1_15' title='bbox 981 852 1045 904; x_wconf 92' lang='lat' dir='ltr'><strong>et</strong></span> <span class='ocrx_word' id='word_1_16' title='bbox 1069 841 1300 924; x_wconf 88' lang='lat' dir='ltr'><strong>ploratu</strong></span> <span class='ocrx_word' id='word_1_17' title='bbox 1329 840 1693 923; x_wconf 78' lang='lat' dir='ltr'><strong>portantium</strong></span> <span class='ocrx_word' id='word_1_18' title='bbox 1722 862 1828 923; x_wconf 89' lang='lat' dir='ltr'><strong>per</strong></span> <span class='ocrx_word' id='word_1_19' title='bbox 1848 840 2041 902; x_wconf 82' lang='lat' dir='ltr'><strong>forum</strong></span> <span class='ocrx_word' id='word_1_20' title='bbox 2064 841 2169 901; x_wconf 91' lang='lat' dir='ltr'><strong>de·-</strong></span> 
     </span>
     <span class='ocr_line' id='line_1_4' title="bbox 259 936 2169 1019; baseline -0.001 -21"><span class='ocrx_word' id='word_1_21' title='bbox 259 936 446 999; x_wconf 82' lang='lat' dir='ltr'><strong>fertur</strong></span> <span class='ocrx_word' id='word_1_22' title='bbox 471 938 550 999; x_wconf 86' lang='lat' dir='ltr'><strong>ad</strong></span> <span class='ocrx_word' id='word_1_23' title='bbox 579 938 858 1010; x_wconf 68' lang='lat' dir='ltr'><strong>Curiamz</strong></span> <span class='ocrx_word' id='word_1_24' title='bbox 902 942 1140 1005; x_wconf 87' lang='lat' dir='ltr'><strong>conscio</strong></span> <span class='ocrx_word' id='word_1_25' title='bbox 1165 942 1422 1001; x_wconf 90' lang='lat' dir='ltr'><strong>omnium</strong></span> <span class='ocrx_word' id='word_1_26' title='bbox 1447 938 1711 1012; x_wconf 89' lang='lat' dir='ltr'><strong>consule,</strong></span> <span class='ocrx_word' id='word_1_27' title='bbox 1739 940 1844 1000; x_wconf 87' lang='lat' dir='ltr'><strong>sed</strong></span> <span class='ocrx_word' id='word_1_28' title='bbox 1874 958 1976 1019; x_wconf 90' lang='lat' dir='ltr'><strong>per</strong></span> <span class='ocrx_word' id='word_1_29' title='bbox 1999 938 2169 998; x_wconf 85' lang='lat' dir='ltr'><strong>dissi-</strong></span> 
     </span>
     <span class='ocr_line' id='line_1_5' title="bbox 263 1034 2168 1119; baseline 0.001 -25"><span class='ocrx_word' id='word_1_30' title='bbox 263 1034 648 1097; x_wconf 85' lang='lat' dir='ltr'><strong>mulationem</strong></span> <span class='ocrx_word' id='word_1_31' title='bbox 671 1038 1044 1109; x_wconf 77' lang='lat' dir='ltr'>mirabundo,</span> <span class='ocrx_word' id='word_1_32' title='bbox 1068 1058 1208 1119; x_wconf 81' lang='lat' dir='ltr'><strong>quae</strong></span> <span class='ocrx_word' id='word_1_33' title='bbox 1243 1056 1424 1098; x_wconf 86' lang='lat' dir='ltr'><strong>causa</strong></span> <span class='ocrx_word' id='word_1_34' title='bbox 1462 1038 1693 1098; x_wconf 88' lang='lat' dir='ltr'><strong>luctum</strong></span> <span class='ocrx_word' id='word_1_35' title='bbox 1728 1038 1905 1097; x_wconf 89' lang='lat' dir='ltr'><strong>istum</strong></span> <span class='ocrx_word' id='word_1_36' title='bbox 1933 1036 2168 1096; x_wconf 76' lang='lat' dir='ltr'><strong>excita-</strong></span> 
     </span>
     <span class='ocr_line' id='line_1_6' title="bbox 259 1132 2169 1214; baseline 0.001 -23"><span class='ocrx_word' id='word_1_37' title='bbox 259 1138 372 1192; x_wconf 85' lang='lat' dir='ltr'><strong>ret.</strong></span> <span class='ocrx_word' id='word_1_38' title='bbox 441 1134 938 1195; x_wconf 87' lang='lat' dir='ltr'><strong>Procurrentibus</strong></span> <span class='ocrx_word' id='word_1_39' title='bbox 973 1134 1050 1195; x_wconf 92' lang='lat' dir='ltr'><strong>ad</strong></span> <span class='ocrx_word' id='word_1_40' title='bbox 1079 1132 1382 1195; x_wconf 81' lang='lat' dir='ltr'><strong>visendum</strong></span> <span class='ocrx_word' id='word_1_41' title='bbox 1407 1134 1796 1205; x_wconf 84' lang='lat' dir='ltr'><strong>senatoribus,</strong></span> <span class='ocrx_word' id='word_1_42' title='bbox 1822 1154 1959 1195; x_wconf 88' lang='lat' dir='ltr'><strong>cum</strong></span> <span class='ocrx_word' id='word_1_43' title='bbox 1984 1133 2169 1214; x_wconf 89' lang='lat' dir='ltr'><strong>depo-</strong></span> 
     </span>
     <span class='ocr_line' id='line_1_7' title="bbox 258 1230 2169 1304; baseline 0.003 -17"><span class='ocrx_word' id='word_1_44' title='bbox 258 1230 406 1289; x_wconf 84' lang='lat' dir='ltr'><strong>situs</strong></span> <span class='ocrx_word' id='word_1_45' title='bbox 429 1231 490 1289; x_wconf 91' lang='lat' dir='ltr'><strong>in</strong></span> <span class='ocrx_word' id='word_1_46' title='bbox 515 1230 644 1291; x_wconf 78' lang='lat' dir='ltr'><strong>foro</strong></span> <span class='ocrx_word' id='word_1_47' title='bbox 685 1232 874 1292; x_wconf 89' lang='lat' dir='ltr'><strong>lectus</strong></span> <span class='ocrx_word' id='word_1_48' title='bbox 914 1241 1088 1304; x_wconf 89' lang='lat' dir='ltr'><strong>esset,</strong></span> <span class='ocrx_word' id='word_1_49' title='bbox 1132 1232 1284 1292; x_wconf 84' lang='lat' dir='ltr'><strong>varii</strong></span> <span class='ocrx_word' id='word_1_50' title='bbox 1321 1233 1647 1293; x_wconf 89' lang='lat' dir='ltr'><strong>animorum</strong></span> <span class='ocrx_word' id='word_1_51' title='bbox 1682 1240 1877 1292; x_wconf 89' lang='lat' dir='ltr'><strong>motus</strong></span> <span class='ocrx_word' id='word_1_52' title='bbox 1914 1230 2169 1293; x_wconf 84' lang='lat' dir='ltr'><strong>fuerunt.</strong></span> 
     </span>
     <span class='ocr_line' id='line_1_8' title="bbox 263 1326 2169 1409; baseline 0.002 -24"><span class='ocrx_word' id='word_1_53' title='bbox 263 1326 486 1387; x_wconf 76' lang='lat' dir='ltr'><strong>Patres</strong></span> <span class='ocrx_word' id='word_1_54' title='bbox 509 1328 676 1387; x_wconf 85' lang='lat' dir='ltr'><strong>velut</strong></span> <span class='ocrx_word' id='word_1_55' title='bbox 697 1348 918 1391; x_wconf 77' lang='lat' dir='ltr'><strong>saevum</strong></span> <span class='ocrx_word' id='word_1_56' title='bbox 945 1350 1018 1391; x_wconf 90' lang='lat' dir='ltr'><strong>ac</strong></span> <span class='ocrx_word' id='word_1_57' title='bbox 1057 1330 1224 1390; x_wconf 81' lang='lat' dir='ltr'><strong>triste</strong></span> <span class='ocrx_word' id='word_1_58' title='bbox 1260 1328 1490 1389; x_wconf 83' lang='lat' dir='ltr'><strong>facinus</strong></span> <span class='ocrx_word' id='word_1_59' title='bbox 1523 1330 1785 1409; x_wconf 87' lang='lat' dir='ltr'><strong>impense</strong></span> <span class='ocrx_word' id='word_1_60' title='bbox 1809 1328 2169 1389; x_wconf 86' lang='lat' dir='ltr'><strong>miseraban-</strong></span> 
     </span>
     <span class='ocr_line' id='line_1_9' title="bbox 261 1424 2173 1507; baseline 0.003 -26"><span class='ocrx_word' id='word_1_61' title='bbox 261 1430 398 1485; x_wconf 83' lang='lat' dir='ltr'><strong>tur:</strong></span> <span class='ocrx_word' id='word_1_62' title='bbox 436 1424 650 1503; x_wconf 78' lang='lat' dir='ltr'><strong>vulgus</strong></span> <span class='ocrx_word' id='word_1_63' title='bbox 687 1427 776 1485; x_wconf 88' lang='lat' dir='ltr'><strong>ira</strong></span> <span class='ocrx_word' id='word_1_64' title='bbox 817 1436 880 1487; x_wconf 89' lang='lat' dir='ltr'><strong>et</strong></span> <span class='ocrx_word' id='word_1_65' title='bbox 913 1426 1314 1505; x_wconf 74' lang='lat' dir='ltr'><strong>indignatione</strong></span> <span class='ocrx_word' id='word_1_66' title='bbox 1357 1426 1668 1497; x_wconf 82' lang='lat' dir='ltr'><strong>fremebat,</strong></span> <span class='ocrx_word' id='word_1_67' title='bbox 1708 1434 1727 1461; x_wconf 89' lang='lat'>‘</span> <span class='ocrx_word' id='word_1_68' title='bbox 1748 1444 2023 1507; x_wconf 78' lang='lat' dir='ltr'><strong>quamam</strong></span> <span class='ocrx_word' id='word_1_69' title='bbox 2062 1424 2173 1487; x_wconf 87' lang='lat' dir='ltr'><strong>illa</strong></span> 
     </span>
     <span class='ocr_line' id='line_1_10' title="bbox 261 1521 2169 1605; baseline 0.002 -25"><span class='ocrx_word' id='word_1_70' title='bbox 261 1521 522 1600; x_wconf 80' lang='lat' dir='ltr'><strong>pravitas</strong></span> <span class='ocrx_word' id='word_1_71' title='bbox 561 1523 888 1583; x_wconf 86' lang='lat' dir='ltr'><strong>animorum</strong></span> <span class='ocrx_word' id='word_1_72' title='bbox 925 1533 1102 1595; x_wconf 84' lang='lat' dir='ltr'><strong>esset,</strong></span> <span class='ocrx_word' id='word_1_73' title='bbox 1143 1532 1213 1584; x_wconf 89' lang='lat' dir='ltr'><strong>ut</strong></span> <span class='ocrx_word' id='word_1_74' title='bbox 1245 1525 1348 1605; x_wconf 90' lang='lat' dir='ltr'><strong>qui</strong></span> <span class='ocrx_word' id='word_1_75' title='bbox 1373 1523 1470 1584; x_wconf 90' lang='lat' dir='ltr'><strong>Ti.</strong></span> <span class='ocrx_word' id='word_1_76' title='bbox 1501 1522 1843 1585; x_wconf 78' lang='lat' dir='ltr'><strong>Gracchum</strong></span> <span class='ocrx_word' id='word_1_77' title='bbox 1868 1523 2169 1585; x_wconf 86' lang='lat' dir='ltr'><strong>tribunum</strong></span> 
     </span>
     <span class='ocr_line' id='line_1_11' title="bbox 261 1616 2169 1703; baseline 0.004 -28"><span class='ocrx_word' id='word_1_78' title='bbox 261 1616 458 1697; x_wconf 87' lang='lat' dir='ltr'><strong>plebis</strong></span> <span class='ocrx_word' id='word_1_79' title='bbox 493 1619 552 1679; x_wconf 90' lang='lat' dir='ltr'><strong>in</strong></span> <span class='ocrx_word' id='word_1_80' title='bbox 580 1619 887 1701; x_wconf 79' lang='lat' dir='ltr'><strong>Capitolio</strong></span> <span class='ocrx_word' id='word_1_81' title='bbox 925 1620 1378 1692; x_wconf 71' lang='lat' dir='ltr'><strong>interfecissent,</strong></span> <span class='ocrx_word' id='word_1_82' title='bbox 1411 1620 1885 1703; x_wconf 86' lang='lat' dir='ltr'><strong>insepultumque</strong></span> <span class='ocrx_word' id='word_1_83' title='bbox 1912 1621 2169 1701; x_wconf 84' lang='lat' dir='ltr'><strong>abjecis-</strong></span> 
     </span>
     <span class='ocr_line' id='line_1_12' title="bbox 255 1715 2169 1800; baseline 0.003 -26"><span class='ocrx_word' id='word_1_84' title='bbox 255 1726 414 1787; x_wconf 86' lang='lat' dir='ltr'><strong>sent,</strong></span> <span class='ocrx_word' id='word_1_85' title='bbox 433 1715 614 1777; x_wconf 88' lang='lat' dir='ltr'><strong>iidem</strong></span> <span class='ocrx_word' id='word_1_86' title='bbox 641 1738 798 1778; x_wconf 90' lang='lat' dir='ltr'><strong>nunc</strong></span> <span class='ocrx_word' id='word_1_87' title='bbox 819 1719 1172 1800; x_wconf 68' lang='lat' dir='ltr'><strong>apparitoris</strong></span> <span class='ocrx_word' id='word_1_88' title='bbox 1186 1717 1456 1800; x_wconf 83' lang='lat' dir='ltr'><strong>Antyllii</strong></span> <span class='ocrx_word' id='word_1_89' title='bbox 1475 1738 1592 1779; x_wconf 90' lang='lat' dir='ltr'><strong>non</strong></span> <span class='ocrx_word' id='word_1_90' title='bbox 1606 1719 1998 1799; x_wconf 85' lang='lat' dir='ltr'><strong>justissimam</strong></span> <span class='ocrx_word' id='word_1_91' title='bbox 2016 1718 2169 1779; x_wconf 77' lang='lat' dir='ltr'><strong>forte</strong></span> 
     </span>
     <span class='ocr_line' id='line_1_13' title="bbox 255 1814 2165 1898; baseline 0.003 -26"><span class='ocrx_word' id='word_1_92' title='bbox 255 1831 486 1884; x_wconf 88' lang='lat' dir='ltr'><strong>necem,</strong></span> <span class='ocrx_word' id='word_1_93' title='bbox 511 1814 618 1875; x_wconf 84' lang='lat' dir='ltr'><strong>sed</strong></span> <span class='ocrx_word' id='word_1_94' title='bbox 641 1818 812 1895; x_wconf 86' lang='lat' dir='ltr'><strong>cujus</strong></span> <span class='ocrx_word' id='word_1_95' title='bbox 839 1816 964 1898; x_wconf 84' lang='lat' dir='ltr'><strong>ipse</strong></span> <span class='ocrx_word' id='word_1_96' title='bbox 999 1836 1240 1877; x_wconf 88' lang='lat' dir='ltr'><strong>causam</strong></span> <span class='ocrx_word' id='word_1_97' title='bbox 1268 1816 1633 1897; x_wconf 70' lang='lat' dir='ltr'><strong>praebuisset,</strong></span> <span class='ocrx_word' id='word_1_98' title='bbox 1676 1823 1848 1876; x_wconf 88' lang='lat' dir='ltr'><strong>tanta</strong></span> <span class='ocrx_word' id='word_1_99' title='bbox 1884 1836 2023 1876; x_wconf 89' lang='lat' dir='ltr'><strong>cum</strong></span> <span class='ocrx_word' id='word_1_100' title='bbox 2058 1816 2165 1878; x_wconf 91' lang='lat' dir='ltr'><strong>do-</strong></span> 
     </span>
     <span class='ocr_line' id='line_1_14' title="bbox 255 1906 2167 1995; baseline 0.002 -26"><span class='ocrx_word' id='word_1_101' title='bbox 255 1906 400 1969; x_wconf 86' lang='lat' dir='ltr'><strong>loris</strong></span> <span class='ocrx_word' id='word_1_102' title='bbox 416 1909 912 1974; x_wconf 81' lang='lat' dir='ltr'><strong>demonstratione</strong></span> <span class='ocrx_word' id='word_1_103' title='bbox 933 1912 1312 1995; x_wconf 72' lang='lat' dir='ltr'><strong>deplorarent</strong></span> <span class='ocrx_word' id='word_1_104' title='bbox 1335 1914 1362 1973; x_wconf 68' lang='lat' dir='ltr'><strong>‘l</strong></span> <span class='ocrx_word' id='word_1_105' title='bbox 1418 1914 1801 1995; x_wconf 79' lang='lat' dir='ltr'><strong>Propositum</strong></span> <span class='ocrx_word' id='word_1_106' title='bbox 1822 1914 1883 1973; x_wconf 89' lang='lat' dir='ltr'><strong>in</strong></span> <span class='ocrx_word' id='word_1_107' title='bbox 1910 1913 2039 1978; x_wconf 84' lang='lat' dir='ltr'><strong>foro</strong></span> <span class='ocrx_word' id='word_1_108' title='bbox 2064 1934 2167 1975; x_wconf 89' lang='lat' dir='ltr'><strong>ca-</strong></span> 
     </span>
     <span class='ocr_line' id='line_1_15' title="bbox 251 2004 2165 2082; baseline 0.003 -17"><span class='ocrx_word' id='word_1_109' title='bbox 251 2004 442 2067; x_wconf 80' lang='lat' dir='ltr'><strong>daver</strong></span> <span class='ocrx_word' id='word_1_110' title='bbox 463 2028 592 2069; x_wconf 87' lang='lat' dir='ltr'><strong>esse</strong></span> <span class='ocrx_word' id='word_1_111' title='bbox 611 2012 959 2072; x_wconf 72' lang='lat' dir='ltr'><strong>mercenarii</strong></span> <span class='ocrx_word' id='word_1_112' title='bbox 987 2012 1274 2071; x_wconf 86' lang='lat' dir='ltr'><strong>hominis:</strong></span> <span class='ocrx_word' id='word_1_113' title='bbox 1315 2012 1697 2073; x_wconf 76' lang='lat' dir='ltr'><strong>circumstare</strong></span> <span class='ocrx_word' id='word_1_114' title='bbox 1714 2020 2007 2082; x_wconf 85' lang='lat' dir='ltr'><strong>senatum,</strong></span> <span class='ocrx_word' id='word_1_115' title='bbox 2033 2020 2165 2073; x_wconf 87' lang='lat' dir='ltr'><strong>tan-</strong></span> 
     </span>
     <span class='ocr_line' id='line_1_16' title="bbox 253 2104 2169 2190; baseline 0.003 -28"><span class='ocrx_word' id='word_1_116' title='bbox 253 2122 440 2183; x_wconf 85' lang='lat' dir='ltr'><strong>quam</strong></span> <span class='ocrx_word' id='word_1_117' title='bbox 479 2104 542 2165; x_wconf 87' lang='lat' dir='ltr'><strong>in</strong></span> <span class='ocrx_word' id='word_1_118' title='bbox 581 2124 798 2187; x_wconf 78' lang='lat' dir='ltr'><strong>magna</strong></span> <span class='ocrx_word' id='word_1_119' title='bbox 833 2107 1180 2190; x_wconf 55' lang='lat' dir='ltr'><strong>reipublicae</strong></span> <span class='ocrx_word' id='word_1_120' title='bbox 1218 2107 1584 2181; x_wconf 72' lang='lat' dir='ltr'><strong>calamitate,</strong></span> <span class='ocrx_word' id='word_1_121' title='bbox 1611 2110 1859 2171; x_wconf 77' lang='lat' dir='ltr'><strong>tristem.</strong></span> <span class='ocrx_word' id='word_1_122' title='bbox 1943 2106 2037 2168; x_wconf 83' lang='lat' dir='ltr'><strong>At</strong></span> <span class='ocrx_word' id='word_1_123' title='bbox 2060 2109 2169 2169; x_wconf 87' lang='lat' dir='ltr'><strong>hos</strong></span> 
     </span>
     <span class='ocr_line' id='line_1_17' title="bbox 252 2203 2165 2287; baseline 0.002 -26"><span class='ocrx_word' id='word_1_124' title='bbox 252 2208 380 2261; x_wconf 80' lang='lat' dir='ltr'><strong>tam</strong></span> <span class='ocrx_word' id='word_1_125' title='bbox 405 2203 594 2263; x_wconf 87' lang='lat' dir='ltr'><strong>bonos</strong></span> <span class='ocrx_word' id='word_1_126' title='bbox 627 2224 700 2265; x_wconf 82' lang='lat' dir='ltr'><strong>ac</strong></span> <span class='ocrx_word' id='word_1_127' title='bbox 741 2204 1146 2267; x_wconf 86' lang='lat' dir='ltr'><strong>misericordes</strong></span> <span class='ocrx_word' id='word_1_128' title='bbox 1187 2206 1418 2267; x_wconf 89' lang='lat' dir='ltr'><strong>animos</strong></span> <span class='ocrx_word' id='word_1_129' title='bbox 1452 2226 1524 2265; x_wconf 92' lang='lat' dir='ltr'><strong>eo</strong></span> <span class='ocrx_word' id='word_1_130' title='bbox 1565 2207 1697 2287; x_wconf 92' lang='lat' dir='ltr'><strong>ipso</strong></span> <span class='ocrx_word' id='word_1_131' title='bbox 1728 2214 1992 2286; x_wconf 85' lang='lat' dir='ltr'><strong>tempore</strong></span> <span class='ocrx_word' id='word_1_132' title='bbox 2018 2206 2165 2266; x_wconf 87' lang='lat' dir='ltr'><strong>nihil</strong></span> 
     </span>
     <span class='ocr_line' id='line_1_18' title="bbox 252 2296 2163 2385; baseline 0.004 -29"><span class='ocrx_word' id='word_1_133' title='bbox 252 2296 420 2359; x_wconf 83' lang='lat' dir='ltr'><strong>aliud</strong></span> <span class='ocrx_word' id='word_1_134' title='bbox 441 2302 688 2380; x_wconf 79' lang='lat' dir='ltr'><strong>agitare,</strong></span> <span class='ocrx_word' id='word_1_135' title='bbox 716 2323 898 2383; x_wconf 88' lang='lat' dir='ltr'><strong>quam</strong></span> <span class='ocrx_word' id='word_1_136' title='bbox 923 2304 1136 2385; x_wconf 88' lang='lat' dir='ltr'><strong>quibus</strong></span> <span class='ocrx_word' id='word_1_137' title='bbox 1163 2302 1356 2365; x_wconf 86' lang='lat' dir='ltr'><strong>modis</strong></span> <span class='ocrx_word' id='word_1_138' title='bbox 1390 2323 1572 2363; x_wconf 90' lang='lat' dir='ltr'><strong>unum</strong></span> <span class='ocrx_word' id='word_1_139' title='bbox 1611 2302 1905 2383; x_wconf 87' lang='lat' dir='ltr'><strong>reliquum</strong></span> <span class='ocrx_word' id='word_1_140' title='bbox 1932 2302 2163 2365; x_wconf 87' lang='lat' dir='ltr'><strong>Roma-</strong></span> 
     </span>
     <span class='ocr_line' id='line_1_19' title="bbox 251 2396 2013 2479; baseline 0.005 -25"><span class='ocrx_word' id='word_1_141' title='bbox 251 2414 346 2455; x_wconf 77' lang='lat' dir='ltr'><strong>nae</strong></span> <span class='ocrx_word' id='word_1_142' title='bbox 369 2396 568 2479; x_wconf 88' lang='lat' dir='ltr'><strong>plebis</strong></span> <span class='ocrx_word' id='word_1_143' title='bbox 591 2410 934 2461; x_wconf 83' lang='lat' dir='ltr'><strong>assertorem</strong></span> <span class='ocrx_word' id='word_1_144' title='bbox 957 2400 1466 2464; x_wconf 65' lang='lat' dir='ltr'><strong>circumveniant!</strong></span> <span class='ocrx_word' id='word_1_145' title='bbox 2002 2396 2013 2411; x_wconf 65' lang='lat'><strong>⁶</strong></span> 
     </span>
    </p>

    <p class='ocr_par' dir='ltr' id='par_1_3' title="bbox 331 2494 2455 2580">
     <span class='ocr_line' id='line_1_20' title="bbox 331 2494 2455 2580; baseline 0.003 -27"><span class='ocrx_word' id='word_1_146' title='bbox 331 2499 438 2555; x_wconf 81' lang='lat'><strong>20.</strong></span> <span class='ocrx_word' id='word_1_147' title='bbox 479 2494 630 2556; x_wconf 87' lang='lat' dir='ltr'><strong>Non</strong></span> <span class='ocrx_word' id='word_1_148' title='bbox 668 2498 1022 2559; x_wconf 77' lang='lat' dir='ltr'><strong>obstiterunt</strong></span> <span class='ocrx_word' id='word_1_149' title='bbox 1057 2499 1152 2558; x_wconf 83' lang='lat' dir='ltr'><strong>hae</strong></span> <span class='ocrx_word' id='word_1_150' title='bbox 1190 2496 1448 2580; x_wconf 79' lang='lat' dir='ltr'><strong>querelae</strong></span> <span class='ocrx_word' id='word_1_151' title='bbox 1484 2496 1799 2579; x_wconf 87' lang='lat' dir='ltr'><strong>quominus</strong></span> <span class='ocrx_word' id='word_1_152' title='bbox 1825 2495 1885 2555; x_wconf 89' lang='lat' dir='ltr'><strong>in</strong></span> <span class='ocrx_word' id='word_1_153' title='bbox 1913 2494 2159 2556; x_wconf 84' lang='lat' dir='ltr'><strong>Curiam</strong></span> <span class='ocrx_word' id='word_1_154' title='bbox 2215 2508 2365 2559; x_wconf 85' lang='lat' dir='ltr'><strong>Auct.</strong></span> <span class='ocrx_word' id='word_1_155' title='bbox 2392 2508 2455 2559; x_wconf 79' lang='lat' dir='ltr'><strong>de</strong></span> 
     </span>
    </p>
   </div>
   <div class='ocr_carea' id='block_1_3' title="bbox 245 2574 2489 2670">
    <p class='ocr_par' dir='ltr' id='par_1_4' title="bbox 245 2574 2489 2670">
     <span class='ocr_line' id='line_1_21' title="bbox 245 2574 2489 2670; baseline -0.005 -12"><span class='ocrx_word' id='word_1_156' title='bbox 245 2592 494 2670; x_wconf 68' lang='lat' dir='ltr'><strong>regreoei</strong></span> <span class='ocrx_word' id='word_1_157' title='bbox 535 2593 777 2667; x_wconf 87' lang='lat' dir='ltr'><strong>Patres,</strong></span> <span class='ocrx_word' id='word_1_158' title='bbox 817 2596 911 2657; x_wconf 89' lang='lat' dir='ltr'><strong>M.</strong></span> <span class='ocrx_word' id='word_1_159' title='bbox 939 2596 1168 2658; x_wconf 85' lang='lat' dir='ltr'><strong>AEmilii</strong></span> <span class='ocrx_word' id='word_1_160' title='bbox 1209 2596 1420 2658; x_wconf 87' lang='lat' dir='ltr'><strong>Scauri</strong></span> <span class='ocrx_word' id='word_1_161' title='bbox 1446 2598 1797 2658; x_wconf 87' lang='lat' dir='ltr'><strong>sententiam</strong></span> <span class='ocrx_word' id='word_1_162' title='bbox 1825 2596 2041 2667; x_wconf 86' lang='lat' dir='ltr'><strong>secuti,</strong></span> <span class='ocrx_word' id='word_1_163' title='bbox 2068 2574 2489 2655; x_wconf 64' lang='lat' dir='ltr'><strong>se··yi‘·1¹¹¹²³“·</strong></span> 
     </span>
    </p>
   </div>
   <div class='ocr_carea' id='block_1_4' title="bbox 232 2640 2489 4405">
    <p class='ocr_par' dir='ltr' id='par_1_5' title="bbox 245 2640 2485 2775">
     <span class='ocr_line' id='line_1_22' title="bbox 245 2640 2485 2775; baseline 0.004 -30"><span class='ocrx_word' id='word_1_164' title='bbox 245 2691 779 2765; x_wconf 83' lang='lat' dir='ltr'><strong>natusconsultum,</strong></span> <span class='ocrx_word' id='word_1_165' title='bbox 825 2694 1006 2775; x_wconf 85' lang='lat' dir='ltr'><strong>quale</strong></span> <span class='ocrx_word' id='word_1_166' title='bbox 1043 2695 1104 2754; x_wconf 91' lang='lat' dir='ltr'><strong>in</strong></span> <span class='ocrx_word' id='word_1_167' title='bbox 1145 2702 1412 2756; x_wconf 88' lang='lat' dir='ltr'><strong>extremo</strong></span> <span class='ocrx_word' id='word_1_168' title='bbox 1447 2704 1606 2756; x_wconf 89' lang='lat' dir='ltr'><strong>metu</strong></span> <span class='ocrx_word' id='word_1_169' title='bbox 1640 2694 1815 2765; x_wconf 88' lang='lat' dir='ltr'><strong>solet,</strong></span> <span class='ocrx_word' id='word_1_170' title='bbox 1860 2693 2126 2753; x_wconf 85' lang='lat' dir='ltr'><strong>facerent</strong></span> <span class='ocrx_word' id='word_1_171' title='bbox 2142 2714 2162 2754; x_wconf 71' lang='lat' dir='ltr'><strong>t</strong></span> <span class='ocrx_word' id='word_1_172' title='bbox 2184 2640 2485 2754; x_wconf 49' lang='lat' dir='ltr'><strong>ubisggliil.</strong></span> 
     </span>
    </p>

    <p class='ocr_par' dir='ltr' id='par_1_6' title="bbox 249 2774 2383 2874">
     <span class='ocr_line' id='line_1_23' title="bbox 249 2774 2383 2874; baseline 0.004 -28"><span class='ocrx_word' id='word_1_173' title='bbox 249 2796 268 2821; x_wconf 88' lang='lat'>‘</span> <span class='ocrx_word' id='word_1_174' title='bbox 293 2785 483 2853; x_wconf 83' lang='lat' dir='ltr'><strong>Quod</strong></span> <span class='ocrx_word' id='word_1_175' title='bbox 509 2786 578 2847; x_wconf 90' lang='lat' dir='ltr'><strong>L.</strong></span> <span class='ocrx_word' id='word_1_176' title='bbox 609 2788 886 2870; x_wconf 88' lang='lat' dir='ltr'><strong>Opimius</strong></span> <span class='ocrx_word' id='word_1_177' title='bbox 910 2791 1115 2852; x_wconf 84' lang='lat' dir='ltr'><strong>consul</strong></span> <span class='ocrx_word' id='word_1_178' title='bbox 1139 2794 1325 2854; x_wconf 80' lang='lat' dir='ltr'><strong>verba</strong></span> <span class='ocrx_word' id='word_1_179' title='bbox 1348 2791 1494 2853; x_wconf 84' lang='lat' dir='ltr'><strong>fecit</strong></span> <span class='ocrx_word' id='word_1_180' title='bbox 1518 2793 1594 2853; x_wconf 93' lang='lat' dir='ltr'><strong>de</strong></span> <span class='ocrx_word' id='word_1_181' title='bbox 1632 2791 1963 2874; x_wconf 86' lang='lat' dir='ltr'><strong>republica,</strong></span> <span class='ocrx_word' id='word_1_182' title='bbox 1987 2790 2065 2851; x_wconf 88' lang='lat' dir='ltr'><strong>de</strong></span> <span class='ocrx_word' id='word_1_183' title='bbox 2090 2812 2165 2853; x_wconf 83' lang='lat' dir='ltr'><strong>ea</strong></span> <span class='ocrx_word' id='word_1_184' title='bbox 2188 2786 2311 2821; x_wconf 54' lang='lat'>&#39;¹¹¹&#39;</span> <span class='ocrx_word' id='word_1_185' title='bbox 2330 2774 2383 2821; x_wconf 78' lang='lat'><strong>⁴·</strong></span> 
     </span>
    </p>

    <p class='ocr_par' dir='ltr' id='par_1_7' title="bbox 247 2886 2319 2973">
     <span class='ocr_line' id='line_1_24' title="bbox 247 2886 2319 2973; baseline 0.008 -30"><span class='ocrx_word' id='word_1_186' title='bbox 247 2904 312 2943; x_wconf 90' lang='lat' dir='ltr'><strong>re</strong></span> <span class='ocrx_word' id='word_1_187' title='bbox 359 2886 446 2944; x_wconf 88' lang='lat' dir='ltr'><strong>ita</strong></span> <span class='ocrx_word' id='word_1_188' title='bbox 484 2898 856 2963; x_wconf 83' lang='lat' dir='ltr'><strong>censuerunt,</strong></span> <span class='ocrx_word' id='word_1_189' title='bbox 899 2890 1014 2951; x_wconf 85' lang='lat' dir='ltr'><strong>Uti</strong></span> <span class='ocrx_word' id='word_1_190' title='bbox 1057 2889 1127 2956; x_wconf 83' lang='lat' dir='ltr'><strong>L.</strong></span> <span class='ocrx_word' id='word_1_191' title='bbox 1176 2891 1456 2973; x_wconf 86' lang='lat' dir='ltr'><strong>Opimius</strong></span> <span class='ocrx_word' id='word_1_192' title='bbox 1485 2889 1691 2951; x_wconf 86' lang='lat' dir='ltr'><strong>consul</strong></span> <span class='ocrx_word' id='word_1_193' title='bbox 1738 2890 2163 2972; x_wconf 85' lang='lat' dir='ltr'><strong>rempublicam</strong></span> <span class='ocrx_word' id='word_1_194' title='bbox 2185 2909 2319 2959; x_wconf 77' lang='lat' dir='ltr'><strong>Plut-</strong></span> 
     </span>
    </p>

    <p class='ocr_par' dir='ltr' id='par_1_8' title="bbox 243 2980 2165 3071">
     <span class='ocr_line' id='line_1_25' title="bbox 243 2980 2165 3071; baseline 0.007 -32"><span class='ocrx_word' id='word_1_195' title='bbox 243 2980 636 3044; x_wconf 85' lang='lat' dir='ltr'><strong>defenderet.’</strong></span> <span class='ocrx_word' id='word_1_196' title='bbox 719 2984 867 3047; x_wconf 88' lang='lat' dir='ltr'><strong>Hoc</strong></span> <span class='ocrx_word' id='word_1_197' title='bbox 912 2998 1161 3071; x_wconf 89' lang='lat' dir='ltr'><strong>accepto</strong></span> <span class='ocrx_word' id='word_1_198' title='bbox 1203 2988 1709 3051; x_wconf 78' lang='lat' dir='ltr'><strong>senatusconsulto</strong></span> <span class='ocrx_word' id='word_1_199' title='bbox 1764 2987 1835 3049; x_wconf 90' lang='lat' dir='ltr'><strong>L.</strong></span> <span class='ocrx_word' id='word_1_200' title='bbox 1885 2988 2165 3070; x_wconf 85' lang='lat' dir='ltr'><strong>Opimius</strong></span> 
     </span>
    </p>

    <p class='ocr_par' dir='ltr' id='par_1_9' title="bbox 243 3080 2163 3168">
     <span class='ocr_line' id='line_1_26' title="bbox 243 3080 2163 3168; baseline 0.007 -31"><span class='ocrx_word' id='word_1_201' title='bbox 243 3088 454 3139; x_wconf 87' lang='lat' dir='ltr'><strong>senatu</strong></span> <span class='ocrx_word' id='word_1_202' title='bbox 481 3080 542 3139; x_wconf 90' lang='lat' dir='ltr'><strong>in</strong></span> <span class='ocrx_word' id='word_1_203' title='bbox 567 3082 744 3142; x_wconf 86' lang='lat' dir='ltr'><strong>armis</strong></span> <span class='ocrx_word' id='word_1_204' title='bbox 767 3083 994 3159; x_wconf 86' lang='lat' dir='ltr'><strong>adesse,</strong></span> <span class='ocrx_word' id='word_1_205' title='bbox 1021 3088 1322 3168; x_wconf 87' lang='lat' dir='ltr'><strong>equitibus</strong></span> <span class='ocrx_word' id='word_1_206' title='bbox 1345 3094 1635 3168; x_wconf 67' lang='lat' dir='ltr'><strong>praeterea</strong></span> <span class='ocrx_word' id='word_1_207' title='bbox 1654 3087 1825 3147; x_wconf 88' lang='lat' dir='ltr'><strong>binos</strong></span> <span class='ocrx_word' id='word_1_208' title='bbox 1846 3106 2047 3149; x_wconf 85' lang='lat' dir='ltr'><strong>servos</strong></span> <span class='ocrx_word' id='word_1_209' title='bbox 2068 3108 2163 3151; x_wconf 85' lang='lat' dir='ltr'><strong>ar-</strong></span> 
     </span>
    </p>

    <p class='ocr_par' dir='ltr' id='par_1_10' title="bbox 244 3171 2485 3287">
     <span class='ocr_line' id='line_1_27' title="bbox 244 3171 2485 3287; baseline 0.006 -52"><span class='ocrx_word' id='word_1_210' title='bbox 244 3185 440 3236; x_wconf 81' lang='lat' dir='ltr'><strong>matos</strong></span> <span class='ocrx_word' id='word_1_211' title='bbox 487 3176 784 3242; x_wconf 87' lang='lat' dir='ltr'><strong>adducere</strong></span> <span class='ocrx_word' id='word_1_212' title='bbox 815 3184 1019 3263; x_wconf 83' lang='lat' dir='ltr'><strong>jussis,</strong></span> <span class='ocrx_word' id='word_1_213' title='bbox 1067 3184 1288 3245; x_wconf 81' lang='lat' dir='ltr'><strong>Caium</strong></span> <span class='ocrx_word' id='word_1_214' title='bbox 1333 3193 1397 3245; x_wconf 88' lang='lat' dir='ltr'><strong>et</strong></span> <span class='ocrx_word' id='word_1_215' title='bbox 1433 3184 1721 3247; x_wconf 87' lang='lat' dir='ltr'><strong>Flaccum</strong></span> <span class='ocrx_word' id='word_1_216' title='bbox 1758 3183 1837 3245; x_wconf 84' lang='lat' dir='ltr'><strong>ad</strong></span> <span class='ocrx_word' id='word_1_217' title='bbox 1872 3184 2159 3247; x_wconf 85' lang='lat' dir='ltr'><strong>rationem</strong></span> <span class='ocrx_word' id='word_1_218' title='bbox 2180 3171 2264 3285; x_wconf 49' lang='lat' dir='ltr'><strong>“A</strong></span> <span class='ocrx_word' id='word_1_219' title='bbox 2302 3171 2485 3287; x_wconf 48' lang='lat'><strong>{2²3⁶</strong></span> 
     </span>
    </p>

    <p class='ocr_par' dir='ltr' id='par_1_11' title="bbox 243 3277 2489 3487">
     <span class='ocr_line' id='line_1_28' title="bbox 243 3277 2489 3353; baseline 0.008 -20"><span class='ocrx_word' id='word_1_220' title='bbox 243 3282 514 3335; x_wconf 81' lang='lat' dir='ltr'><strong>actorum</strong></span> <span class='ocrx_word' id='word_1_221' title='bbox 537 3277 899 3340; x_wconf 83' lang='lat' dir='ltr'><strong>reddendam</strong></span> <span class='ocrx_word' id='word_1_222' title='bbox 927 3282 988 3341; x_wconf 91' lang='lat' dir='ltr'><strong>in</strong></span> <span class='ocrx_word' id='word_1_223' title='bbox 1016 3281 1260 3343; x_wconf 81' lang='lat' dir='ltr'><strong>Curiam</strong></span> <span class='ocrx_word' id='word_1_224' title='bbox 1287 3282 1550 3343; x_wconf 87' lang='lat' dir='ltr'><strong>arcessit.</strong></span> <span class='ocrx_word' id='word_1_225' title='bbox 2178 3284 2272 3353; x_wconf 57' lang='lat' dir='ltr'><strong>⁴Vir</strong></span> <span class='ocrx_word' id='word_1_226' title='bbox 2304 3302 2489 3351; x_wconf 68' lang='lat' dir='ltr'><strong>mum.</strong></span> 
     </span>
     <span class='ocr_line' id='line_1_29' title="bbox 325 3366 2485 3487; baseline 0.007 -57"><span class='ocrx_word' id='word_1_227' title='bbox 325 3378 432 3431; x_wconf 89' lang='lat'><strong>21.</strong></span> <span class='ocrx_word' id='word_1_228' title='bbox 475 3371 758 3437; x_wconf 78' lang='lat' dir='ltr'><strong>Vicissim</strong></span> <span class='ocrx_word' id='word_1_229' title='bbox 785 3386 848 3437; x_wconf 87' lang='lat' dir='ltr'><strong>et</strong></span> <span class='ocrx_word' id='word_1_230' title='bbox 873 3378 1128 3440; x_wconf 88' lang='lat' dir='ltr'><strong>Flaccus</strong></span> <span class='ocrx_word' id='word_1_231' title='bbox 1149 3380 1486 3462; x_wconf 79' lang='lat' dir='ltr'><strong>praesidium</strong></span> <span class='ocrx_word' id='word_1_232' title='bbox 1511 3387 1801 3461; x_wconf 87' lang='lat' dir='ltr'><strong>quantum</strong></span> <span class='ocrx_word' id='word_1_233' title='bbox 1842 3389 2033 3461; x_wconf 87' lang='lat' dir='ltr'><strong>potest</strong></span> <span class='ocrx_word' id='word_1_234' title='bbox 2054 3400 2157 3443; x_wconf 90' lang='lat' dir='ltr'><strong>co·</strong></span> <span class='ocrx_word' id='word_1_235' title='bbox 2178 3366 2317 3487; x_wconf 50' lang='lat'><strong>{²¹32</strong></span> <span class='ocrx_word' id='word_1_236' title='bbox 2335 3366 2485 3419; x_wconf 57' lang='grc' dir='ltr'><strong>ΒΜ·</strong></span> 
     </span>
    </p>

    <p class='ocr_par' dir='ltr' id='par_1_12' title="bbox 243 3470 2161 3557">
     <span class='ocr_line' id='line_1_30' title="bbox 243 3470 2161 3557; baseline 0.006 -28"><span class='ocrx_word' id='word_1_237' title='bbox 243 3470 355 3549; x_wconf 75' lang='lat' dir='ltr'><strong>git,</strong></span> <span class='ocrx_word' id='word_1_238' title='bbox 382 3478 578 3532; x_wconf 72' lang='lat' dir='ltr'><strong>cernis</strong></span> <span class='ocrx_word' id='word_1_239' title='bbox 600 3474 790 3534; x_wconf 82' lang='lat' dir='ltr'><strong>vitam</strong></span> <span class='ocrx_word' id='word_1_240' title='bbox 816 3484 996 3557; x_wconf 87' lang='lat' dir='ltr'><strong>atque</strong></span> <span class='ocrx_word' id='word_1_241' title='bbox 1023 3478 1394 3557; x_wconf 77' lang='lat' dir='ltr'><strong>dignitatem,</strong></span> <span class='ocrx_word' id='word_1_242' title='bbox 1434 3478 1484 3537; x_wconf 88' lang='lat' dir='ltr'><strong>si</strong></span> <span class='ocrx_word' id='word_1_243' title='bbox 1506 3478 1645 3557; x_wconf 88' lang='lat' dir='ltr'><strong>jure</strong></span> <span class='ocrx_word' id='word_1_244' title='bbox 1684 3498 1801 3537; x_wconf 90' lang='lat' dir='ltr'><strong>non</strong></span> <span class='ocrx_word' id='word_1_245' title='bbox 1832 3477 2037 3553; x_wconf 86' lang='lat' dir='ltr'><strong>liceat,</strong></span> <span class='ocrx_word' id='word_1_246' title='bbox 2064 3490 2161 3541; x_wconf 51' lang='lat' dir='ltr'><strong>ard</strong></span> 
     </span>
    </p>

    <p class='ocr_par' dir='ltr' id='par_1_13' title="bbox 243 3566 2163 3654">
     <span class='ocr_line' id='line_1_31' title="bbox 243 3566 2163 3654; baseline 0.006 -29"><span class='ocrx_word' id='word_1_247' title='bbox 243 3568 356 3627; x_wconf 85' lang='lat' dir='ltr'><strong>mis</strong></span> <span class='ocrx_word' id='word_1_248' title='bbox 380 3566 718 3633; x_wconf 85' lang='lat' dir='ltr'><strong>defendere.</strong></span> <span class='ocrx_word' id='word_1_249' title='bbox 807 3572 1010 3654; x_wconf 78' lang='lat' dir='ltr'><strong>Longe</strong></span> <span class='ocrx_word' id='word_1_250' title='bbox 1035 3574 1159 3637; x_wconf 88' lang='lat' dir='ltr'><strong>alia</strong></span> <span class='ocrx_word' id='word_1_251' title='bbox 1186 3574 1467 3637; x_wconf 83' lang='lat' dir='ltr'><strong>Graccho</strong></span> <span class='ocrx_word' id='word_1_252' title='bbox 1485 3596 1651 3636; x_wconf 88' lang='lat' dir='ltr'><strong>mens</strong></span> <span class='ocrx_word' id='word_1_253' title='bbox 1669 3584 1818 3636; x_wconf 86' lang='lat' dir='ltr'><strong>erat.</strong></span> <span class='ocrx_word' id='word_1_254' title='bbox 1902 3575 2081 3637; x_wconf 81' lang='lat' dir='ltr'><strong>Solus</strong></span> <span class='ocrx_word' id='word_1_255' title='bbox 2098 3584 2163 3637; x_wconf 90' lang='lat' dir='ltr'><strong>et</strong></span> 
     </span>
    </p>

    <p class='ocr_par' dir='ltr' id='par_1_14' title="bbox 241 3664 2159 3757">
     <span class='ocr_line' id='line_1_32' title="bbox 241 3664 2159 3757; baseline 0.007 -33"><span class='ocrx_word' id='word_1_256' title='bbox 241 3664 486 3725; x_wconf 86' lang='lat' dir='ltr'><strong>inermis</strong></span> <span class='ocrx_word' id='word_1_257' title='bbox 509 3669 703 3749; x_wconf 86' lang='lat' dir='ltr'><strong>perire</strong></span> <span class='ocrx_word' id='word_1_258' title='bbox 725 3670 1012 3745; x_wconf 88' lang='lat' dir='ltr'><strong>malebat,</strong></span> <span class='ocrx_word' id='word_1_259' title='bbox 1029 3694 1208 3754; x_wconf 90' lang='lat' dir='ltr'><strong>quam</strong></span> <span class='ocrx_word' id='word_1_260' title='bbox 1232 3694 1372 3737; x_wconf 87' lang='lat' dir='ltr'><strong>cum</strong></span> <span class='ocrx_word' id='word_1_261' title='bbox 1385 3674 1652 3757; x_wconf 88' lang='lat' dir='ltr'><strong>periculo</strong></span> <span class='ocrx_word' id='word_1_262' title='bbox 1668 3682 1731 3736; x_wconf 86' lang='lat' dir='ltr'><strong>et</strong></span> <span class='ocrx_word' id='word_1_263' title='bbox 1744 3672 1917 3735; x_wconf 84' lang='lat' dir='ltr'><strong>clade</strong></span> <span class='ocrx_word' id='word_1_264' title='bbox 1936 3676 2159 3738; x_wconf 80' lang='lat' dir='ltr'><strong>civium</strong></span> 
     </span>
    </p>

    <p class='ocr_par' dir='ltr' id='par_1_15' title="bbox 237 3762 2159 3852">
     <span class='ocr_line' id='line_1_33' title="bbox 237 3762 2159 3852; baseline 0.005 -29"><span class='ocrx_word' id='word_1_265' title='bbox 237 3762 504 3827; x_wconf 78' lang='lat' dir='ltr'><strong>vincere.</strong></span> <span class='ocrx_word' id='word_1_266' title='bbox 593 3764 718 3829; x_wconf 88' lang='lat' dir='ltr'><strong>Sed</strong></span> <span class='ocrx_word' id='word_1_267' title='bbox 743 3768 876 3829; x_wconf 82' lang='lat' dir='ltr'><strong>foro</strong></span> <span class='ocrx_word' id='word_1_268' title='bbox 901 3770 1260 3850; x_wconf 78' lang='lat' dir='ltr'><strong>digrediens,</strong></span> <span class='ocrx_word' id='word_1_269' title='bbox 1286 3792 1426 3834; x_wconf 89' lang='lat' dir='ltr'><strong>cum</strong></span> <span class='ocrx_word' id='word_1_270' title='bbox 1457 3771 1616 3832; x_wconf 84' lang='lat' dir='ltr'><strong>forte</strong></span> <span class='ocrx_word' id='word_1_271' title='bbox 1650 3779 1867 3852; x_wconf 80' lang='lat' dir='ltr'><strong>praeter</strong></span> <span class='ocrx_word' id='word_1_272' title='bbox 1900 3780 2159 3833; x_wconf 85' lang='lat' dir='ltr'><strong>statuam</strong></span> 
     </span>
    </p>

    <p class='ocr_par' dir='ltr' id='par_1_16' title="bbox 239 3862 2159 3951">
     <span class='ocr_line' id='line_1_34' title="bbox 239 3862 2159 3951; baseline 0.006 -31"><span class='ocrx_word' id='word_1_273' title='bbox 239 3862 430 3939; x_wconf 81' lang='lat' dir='ltr'><strong>patris</strong></span> <span class='ocrx_word' id='word_1_274' title='bbox 477 3865 581 3926; x_wconf 81' lang='lat' dir='ltr'><strong>via</strong></span> <span class='ocrx_word' id='word_1_275' title='bbox 623 3864 889 3940; x_wconf 82' lang='lat' dir='ltr'><strong>duceret,</strong></span> <span class='ocrx_word' id='word_1_276' title='bbox 935 3867 1166 3931; x_wconf 87' lang='lat' dir='ltr'><strong>diutule</strong></span> <span class='ocrx_word' id='word_1_277' title='bbox 1218 3870 1298 3931; x_wconf 90' lang='lat' dir='ltr'><strong>ad</strong></span> <span class='ocrx_word' id='word_1_278' title='bbox 1348 3889 1482 3930; x_wconf 88' lang='lat' dir='ltr'><strong>eam</strong></span> <span class='ocrx_word' id='word_1_279' title='bbox 1530 3869 1826 3938; x_wconf 68' lang='lat' dir='ltr'><strong>substititg</strong></span> <span class='ocrx_word' id='word_1_280' title='bbox 1872 3868 2159 3951; x_wconf 85' lang='lat' dir='ltr'><strong>nullaque</strong></span> 
     </span>
    </p>

    <p class='ocr_par' dir='ltr' id='par_1_17' title="bbox 236 3960 2157 4048">
     <span class='ocr_line' id='line_1_35' title="bbox 236 3960 2157 4048; baseline 0.005 -32"><span class='ocrx_word' id='word_1_281' title='bbox 236 3976 392 4017; x_wconf 77' lang='lat' dir='ltr'><strong>voce</strong></span> <span class='ocrx_word' id='word_1_282' title='bbox 428 3960 615 4033; x_wconf 88' lang='lat' dir='ltr'><strong>edita,</strong></span> <span class='ocrx_word' id='word_1_283' title='bbox 657 3972 890 4024; x_wconf 88' lang='lat' dir='ltr'><strong>tantum</strong></span> <span class='ocrx_word' id='word_1_284' title='bbox 934 3964 1216 4048; x_wconf 82' lang='lat' dir='ltr'><strong>lacrymis</strong></span> <span class='ocrx_word' id='word_1_285' title='bbox 1251 3975 1316 4027; x_wconf 88' lang='lat' dir='ltr'><strong>et</strong></span> <span class='ocrx_word' id='word_1_286' title='bbox 1360 3966 1580 4045; x_wconf 77' lang='lat' dir='ltr'><strong>gemitu</strong></span> <span class='ocrx_word' id='word_1_287' title='bbox 1622 3966 2157 4048; x_wconf 87' lang='lat' dir='ltr'><strong>prorumpentibus,</strong></span> 
     </span>
    </p>

    <p class='ocr_par' dir='ltr' id='par_1_18' title="bbox 235 4050 2159 4143">
     <span class='ocr_line' id='line_1_36' title="bbox 235 4050 2159 4143; baseline 0.007 -32"><span class='ocrx_word' id='word_1_288' title='bbox 235 4050 526 4118; x_wconf 84' lang='lat' dir='ltr'><strong>discessit.</strong></span> <span class='ocrx_word' id='word_1_289' title='bbox 612 4058 692 4119; x_wconf 93' lang='lat' dir='ltr'><strong>Id</strong></span> <span class='ocrx_word' id='word_1_290' title='bbox 715 4072 1098 4143; x_wconf 87' lang='lat' dir='ltr'><strong>conspectum</strong></span> <span class='ocrx_word' id='word_1_291' title='bbox 1135 4063 1515 4123; x_wconf 84' lang='lat' dir='ltr'><strong>incitamento</strong></span> <span class='ocrx_word' id='word_1_292' title='bbox 1547 4062 1751 4122; x_wconf 88' lang='lat' dir='ltr'><strong>multis</strong></span> <span class='ocrx_word' id='word_1_293' title='bbox 1774 4060 1911 4134; x_wconf 84' lang='lat' dir='ltr'><strong>fuit,</strong></span> <span class='ocrx_word' id='word_1_294' title='bbox 1942 4072 2009 4122; x_wconf 90' lang='lat' dir='ltr'><strong>ut</strong></span> <span class='ocrx_word' id='word_1_295' title='bbox 2032 4065 2159 4125; x_wconf 88' lang='lat' dir='ltr'><strong>sine</strong></span> 
     </span>
    </p>

    <p class='ocr_par' dir='ltr' id='par_1_19' title="bbox 233 4156 2159 4241">
     <span class='ocr_line' id='line_1_37' title="bbox 233 4156 2159 4241; baseline 0.007 -34"><span class='ocrx_word' id='word_1_296' title='bbox 233 4166 470 4212; x_wconf 85' lang='lat' dir='ltr'><strong>summo</strong></span> <span class='ocrx_word' id='word_1_297' title='bbox 519 4174 628 4215; x_wconf 87' lang='lat' dir='ltr'><strong>suo</strong></span> <span class='ocrx_word' id='word_1_298' title='bbox 671 4156 897 4218; x_wconf 87' lang='lat' dir='ltr'><strong>scelere</strong></span> <span class='ocrx_word' id='word_1_299' title='bbox 949 4159 1136 4219; x_wconf 87' lang='lat' dir='ltr'><strong>deseri</strong></span> <span class='ocrx_word' id='word_1_300' title='bbox 1179 4180 1348 4241; x_wconf 86' lang='lat' dir='ltr'><strong>posse</strong></span> <span class='ocrx_word' id='word_1_301' title='bbox 1393 4168 1699 4238; x_wconf 74' lang='lat' dir='ltr'><strong>negantes,</strong></span> <span class='ocrx_word' id='word_1_302' title='bbox 1744 4157 1985 4219; x_wconf 90' lang='lat' dir='ltr'><strong>domum</strong></span> <span class='ocrx_word' id='word_1_303' title='bbox 2028 4161 2159 4238; x_wconf 87' lang='lat' dir='ltr'><strong>ejus</strong></span> 
     </span>
    </p>

    <p class='ocr_par' dir='ltr' id='par_1_20' title="bbox 232 4249 2154 4337">
     <span class='ocr_line' id='line_1_38' title="bbox 232 4249 2154 4337; baseline 0.005 -30"><span class='ocrx_word' id='word_1_304' title='bbox 232 4249 687 4326; x_wconf 78' lang='lat' dir='ltr'><strong>contenderent,</strong></span> <span class='ocrx_word' id='word_1_305' title='bbox 739 4274 992 4337; x_wconf 86' lang='lat' dir='ltr'><strong>eumque</strong></span> <span class='ocrx_word' id='word_1_306' title='bbox 1041 4258 1192 4317; x_wconf 86' lang='lat' dir='ltr'><strong>actis</strong></span> <span class='ocrx_word' id='word_1_307' title='bbox 1242 4266 1371 4318; x_wconf 85' lang='lat' dir='ltr'><strong>tota</strong></span> <span class='ocrx_word' id='word_1_308' title='bbox 1421 4267 1596 4318; x_wconf 87' lang='lat' dir='ltr'><strong>nocte</strong></span> <span class='ocrx_word' id='word_1_309' title='bbox 1642 4258 1917 4319; x_wconf 87' lang='lat' dir='ltr'><strong>excubiis</strong></span> <span class='ocrx_word' id='word_1_310' title='bbox 1957 4264 2154 4317; x_wconf 88' lang='lat' dir='ltr'><strong>custo-</strong></span> 
     </span>
    </p>

    <p class='ocr_par' dir='ltr' id='par_1_21' title="bbox 235 4340 454 4405">
     <span class='ocr_line' id='line_1_39' title="bbox 235 4340 454 4405; baseline 0.014 -3"><span class='ocrx_word' id='word_1_311' title='bbox 235 4340 454 4405; x_wconf 79' lang='lat' dir='ltr'><strong>ditent.</strong></span> 
     </span>
    </p>
   </div>
   <div class='ocr_carea' id='block_1_5' title="bbox 319 4440 2152 4534">
    <p class='ocr_par' dir='ltr' id='par_1_22' title="bbox 319 4440 2152 4534">
     <span class='ocr_line' id='line_1_40' title="bbox 319 4440 2152 4534; baseline 0.005 -35"><span class='ocrx_word' id='word_1_312' title='bbox 319 4446 424 4501; x_wconf 89' lang='lat'><strong>22.</strong></span> <span class='ocrx_word' id='word_1_313' title='bbox 471 4440 558 4503; x_wconf 81' lang='lat' dir='ltr'><strong>Et</strong></span> <span class='ocrx_word' id='word_1_314' title='bbox 577 4446 640 4506; x_wconf 87' lang='lat' dir='ltr'><strong>hi</strong></span> <span class='ocrx_word' id='word_1_315' title='bbox 665 4449 904 4527; x_wconf 86' lang='lat' dir='ltr'><strong>quidem</strong></span> <span class='ocrx_word' id='word_1_316' title='bbox 921 4452 1266 4534; x_wconf 77' lang='lat' dir='ltr'><strong>ceteroquin</strong></span> <span class='ocrx_word' id='word_1_317' title='bbox 1287 4451 1501 4534; x_wconf 85' lang='lat' dir='ltr'><strong>quieti,</strong></span> <span class='ocrx_word' id='word_1_318' title='bbox 1519 4471 1691 4515; x_wconf 84' lang='lat' dir='ltr'><strong>suum</strong></span> <span class='ocrx_word' id='word_1_319' title='bbox 1712 4470 1785 4513; x_wconf 87' lang='lat' dir='ltr'><strong>ac</strong></span> <span class='ocrx_word' id='word_1_320' title='bbox 1810 4448 2152 4531; x_wconf 74' lang='lat' dir='ltr'><strong>reipublicae</strong></span> 
     </span>
    </p>
   </div>
   <div class='ocr_carea' id='block_1_6' title="bbox 3168 4368 3199 5209">
    <p class='ocr_par' dir='ltr' id='par_1_23' title="bbox 3168 4368 3199 5209">
     <span class='ocr_line' id='line_1_41' title="bbox 3168 4368 3199 5209; textangle 90"><span class='ocrx_word' id='word_1_321' title='bbox 3168 5152 3199 5209; x_wconf 69' lang='grc' dir='ltr'><strong>ι.</strong></span> <span class='ocrx_word' id='word_1_322' title='bbox 3190 4694 3198 5097; x_wconf 38' lang='lat' dir='ltr'><strong>„d———ss-—a-‚ffi</strong></span> <span class='ocrx_word' id='word_1_323' title='bbox 3194 4428 3198 4687; x_wconf 60' lang='lat'><strong>—-—-„-—</strong></span> <span class='ocrx_word' id='word_1_324' title='bbox 3196 4368 3198 4373; x_wconf 84' lang='lat'><strong>.</strong></span> 
     </span>
    </p>
   </div>
  </div>
 </body>
</html>
