3225 5242
811 3300 876 3331 ιν.
898 3284 1025 3349 Epic.

764 3348 881 3398 Sall.

1741 518 1813 567 T·
1863 517 2051 566 mvn

1084 680 1257 743 oequo
1274 662 1473 723 auimo
1500 670 1754 742 paterer,
1779 662 1889 723 nisi
1913 659 2312 723 misericordia
2335 662 2394 721 in
2427 662 2742 743 perniciem
2776 680 2978 723 casura

1082 769 1255 821 emet.
1338 758 1509 821 Nam
1532 769 1597 819 et
1621 758 1760 831 illis,
1787 766 2072 841 quantum
2107 758 2562 841 importunitatis
2595 758 2837 829 habeut,
2875 780 2978 840 pa-

1083 877 1214 921 rum
1236 866 1331 919 est
1352 857 1591 939 impuiie
1616 857 1775 918 mele
1795 856 2026 927 fecisse,
2055 856 2168 917 uisi
2203 854 2422 917 deinde
2457 855 2720 916 faciundi
2747 854 2982 916 lieentia

1085 956 1365 1036 eripitur:
1408 964 1473 1017 et
1496 956 1666 1017 vobis
1689 964 1910 1016 aeterua
1932 954 2250 1017 solicitudo
2275 954 2625 1025 remanebit,
2652 974 2789 1015 cum
2812 954 2978 1013 intel-

1086 1052 1285 1133 ligetis
1302 1061 1409 1114 aut
1433 1052 1804 1115 serviendum
1829 1072 1978 1125 ene,
2005 1062 2110 1113 aut
2133 1072 2238 1135 per
2261 1072 2468 1112 manus
2490 1050 2826 1111 libertatem
2851 1053 2982 1111 reti·

1088 1149 1365 1211 nondam.

1168 1252 1271 1307 83.
1314 1255 1334 1285 ⁶
1365 1244 1535 1307 Nam
1560 1244 1702 1307 fidei
1727 1246 1992 1327 quidem,
2019 1256 2126 1307 aut
2159 1244 2496 1307 concordie,
2535 1262 2674 1326 quae
2701 1265 2836 1327 spes
2859 1246 2982 1304 est?

1088 1342 1401 1405 Dominari
1440 1342 1531 1403 illi
1568 1342 1802 1416 volunt,
1830 1364 1936 1405 vos
1959 1344 2134 1405 liberi
2159 1362 2322 1405 esse:
2365 1342 2560 1404 faeere
2593 1342 2684 1402 illi
2724 1344 2982 1422 injurias,

1085 1461 1194 1503 vus
1216 1442 1556 1522 probibere:
1584 1449 1880 1521 posti-emo
1899 1442 2078 1501 sociis
2099 1441 2312 1502 vesu-is
2335 1440 2522 1501 veluti
2549 1440 2836 1509 hostibus,
2855 1438 2980 1499 hos-

1086 1538 1245 1597 tibus
1272 1558 1379 1618 pm
1402 1537 1579 1599 sociis
1608 1544 1871 1598 utuntur.
1954 1537 2246 1598 Potestne
2272 1538 2334 1597 iu
2359 1546 2484 1597 tam
2507 1536 2758 1597 diversis
2781 1538 2982 1595 menti-

1087 1637 1199 1695 bus
1224 1655 1369 1717 pax‚
1396 1645 1501 1697 aut
1526 1636 1790 1697 amicitia
1809 1636 1982 1696 esse?
2047 1635 2254 1703 Quare
2279 1656 2490 1696 moneo
2513 1636 2830 1714 hortorque
2867 1654 2983 1702 vos,

1088 1752 1165 1792 ne
1203 1740 1438 1793 tautum
1470 1732 1668 1794 scelus
1703 1734 2056 1815 impunitum
2087 1732 2418 1793 dimittatis.
2501 1730 2652 1793 Non
2689 1730 2988 1813 peculatus

1088 1829 1281 1889 oerarii
1320 1826 1517 1889 faetus
1554 1839 1668 1900 est,
1709 1848 1901 1910 neque
1943 1850 2046 1911 per
2081 1830 2206 1891 vim
2241 1829 2422 1889 sociis
2445 1838 2664 1910 ereptae
2691 1828 2986 1909 pecuniae:

1086 1945 1225 2005 quae
1249 1944 1591 2006 quanquam
1622 1927 1829 2006 gravia
1852 1936 2012 1997 sunt,
2037 1935 2236 1987 tamen
2273 1925 2696 1986 cousuetudine
2727 1926 2863 2005 jam
2889 1944 2988 2004 pro

1087 2021 1273 2081 nihilo
1296 2022 1611 2083 habentur.
1697 2020 1883 2083 Hosti
1909 2022 2196 2083 acerrimo
2219 2022 2454 2105 prodita
2477 2030 2715 2081 senatus
2741 2022 2988 2080 auctori-

1087 2128 1203 2191 tas,
1228 2118 1527 2199 proditum
1553 2121 1865 2201 imperium
1887 2128 2142 2181 vestrum
2161 2138 2178 2179 ε
2205 2118 2367 2181 domi
2389 2118 2732 2199 militiaeque
2755 2118 2989 2197 respub-

1090 2214 1211 2275 lioa
1248 2216 1481 2277 venalis
1516 2215 1653 2277 fuit.
1707 2216 1898 2284 ‚Quae
1939 2218 2050 2277 nisi
2085 2216 2338 2298 quaesita
2371 2224 2564 2289 erunt,
2592 2216 2702 2274 nisi
2729 2212 2988 2276 vindiea-

1088 2318 1217 2371 tum
1258 2311 1319 2372 iu
1354 2314 1585 2385 noxios,
1627 2312 1772 2394 quid
1811 2314 1930 2373 erit
1969 2312 2286 2395 reliquum,
2325 2312 2438 2373 nisi
2488 2321 2557 2372 ut
2595 2311 2742 2385 illis,
2787 2312 2892 2392 qui
2925 2330 2992 2369 ea

1088 2408 1303 2479 fecere,
1320 2410 1667 2471 obedientes
1683 2411 1994 2472 vivamus?
2036 2410 2205 2471 Nam
2223 2411 2461 2492 impune
2482 2408 2764 2490 quaelibet
2781 2407 2990 2477 facere,

1092 2503 1154 2565 id
1199 2514 1289 2566 est
1332 2526 1531 2586 regem
1558 2528 1706 2569 esse.
1791 2507 2016 2589 Neque
2055 2528 2168 2588 ego
2201 2528 2333 2580 vos,
2365 2507 2657 2578 Quirites,
2683 2508 2904 2577 hortor,
2931 2516 2992 2565 ut

1092 2602 1317 2663 malitis
1356 2606 1519 2665 cives
1554 2614 1782 2667 vestm·
1815 2624 2146 2687 perperam,
2183 2624 2366 2688 quam
2407 2614 2594 2677 reete,
2627 2603 2860 2674 fecisse,
2894 2604 2986 2662 sed

1092 2720 1191 2771 ue,
1230 2700 1587 2779 ignoscendo
1621 2702 1818 2775 malis,
1855 2704 2044 2764 bonos
2079 2702 2374 2784 perditum
2413 2703 2580 2763 eatis.
2665 2701 2775 2761 Ad
2801 2702 2912 2760 hoc
2937 2704 2988 2759 in

1091 2798 1401 2878 republica
1429 2799 1622 2860 multo
1657 2808 1899 2881 ιιι-αυτ
1931 2800 2231 2874 beneficii,
2258 2820 2438 2881 quam
2465 2798 2769 2870 maleficii,
2795 2800 2987 2859 imme-

1092 2916 1315 2957 morem
1341 2916 1488 2957 esse.
1546 2896 1754 2958 Bonus
1776 2898 2188 2959 tautummodo
2203 2899 2438 2977 segnior
2459 2896 2552 2967 fit,
2573 2897 2679 2957 ubi
2705 2896 2985 2975 negligas:

1092 2999 1159 3053 at
1198 2992 1389 3053 malus
1427 2994 1766 3075 improbior.
1852 2992 1962 3055 Ad
1989 2996 2128 3067 hoc,
2162 2996 2214 3055 si
2255 2993 2486 3074 injuriae
2519 3012 2636 3054 non
2670 2994 2812 3065 siut,
2841 2992 2984 3052 haud

1090 3110 1251 3172 saepe
1288 3090 1501 3152 auxilii
1538 3092 1758 3171 egeas?
2809 3150 2832 3164 ,

1174 3195 1276 3249 34.
1320 3186 1483 3249 Hoec
1510 3198 1690 3270 atque
1729 3188 1878 3250 talia
1909 3208 2070 3273 soepe
2096 3187 2434 3268 ingerendo,
2461 3187 2778 3267 diligentia
2805 3186 2979 3247 Mem-

1092 3286 1195 3343 mii
1222 3287 1490 3366 pervicit,
1518 3296 1585 3347 ut
1611 3286 1684 3349 L.
1713 3286 1958 3347 Cassius
1996 3296 2211 3368 praetor
2245 3286 2324 3347 ad
2361 3286 2720 3366 Jugurtham
2747 3288 2978 3347 mittere·

1093 3392 1212 3454 tur,
1238 3403 1493 3463 eumque
1534 3383 1655 3444 fide
1697 3384 1940 3467 publica
1981 3385 2329 3466 interposita
2353 3382 2620 3445 Romam
2645 3381 2977 3444 adduceret:

1092 3500 1217 3560 quo
1266 3482 1419 3559 regis
1466 3482 1652 3563 ipsius
1701 3481 2086 3564 indubitabili
2133 3480 2352 3542 indicio
2400 3480 2685 3551 Scaurus),
2725 3490 2788 3541 et
2825 3481 2976 3541 ceteri

1094 3598 1245 3658 quos
1308 3580 1561 3659 pecunia
1627 3588 1936 3661 corruptos
2015 3580 2430 3652 autumabant,
2496 3577 2974 3638 convincerenmr.

1096 3674 1369 3742 Quorum
1396 3676 1681 3737 invidiam
1706 3674 1952 3738 relictus
1975 3679 2036 3737 iu
2065 3676 2364 3738 Numidia
2395 3676 2694 3737 exereitus
2718 3692 2973 3755 aggrava·

1094 3774 1223 3843 bat,
1252 3774 1519 3855 plurimis
1542 3782 1604 3834 et
1627 3773 2095 3853 flagitiosissimis
2132 3770 2329 3835 factis.
2415 3772 2586 3834 Nam
2619 3772 2871 3845 fuerunt,
2890 3772 2972 3853 qui

1094 3872 1347 3951 pecunia
1372 3880 1621 3951 accepta
1643 3871 1992 3953 elephantos
2028 3890 2067 3932 a
2099 3871 2401 3953 Jugurtha
2436 3870 2708 3943 traditos,
2745 3872 2971 3949 itemque

1091 3968 1367 4047 perfugas
1398 3968 1476 4029 ad
1512 3968 1868 4051 supplicium
1907 3972 2308 4043 restituerentg
2355 3970 2457 4031 alii
2485 3988 2560 4029 ex
2593 3970 2819 4050 pacatis
2843 3956 2970 4045 agris

1090 4064 1325 4144 praedas
1365 4068 1657 4146 agebant:
1699 4088 1776 4129 ea
1814 4078 1940 4131 tum
1982 4071 2234 4131 avaritia
2282 4070 2470 4131 veluti
2519 4067 2730 4128 tabes³
2777 4066 2966 4125 animos

1090 4164 1394 4223 hominum
1434 4166 1750 4228 invaserat.

1178 4358 1211 4403 ⁸
1247 4355 1327 4405 Ex
1350 4354 1478 4407 Sall-
1498 4358 1707 4409 emend.
1727 4358 1884 4413 βων.
1937 4354 2075 4409 Edd.
2097 4372 2292 4423 prece.
2317 4354 2572 4407 exhibent
2593 4356 2720 4405 rem
2740 4353 2892 4405 rabies.
