3225 5242
887 561 1095 612 mem
1149 560 1316 613 nxz.
1355 559 2012 612 supremam-uu.
2380 544 2559 613 ⁴205

323 694 656 767 simuletur.
740 703 954 786 Atque
983 704 1304 767 earundem
1349 704 1549 785 legum
1587 712 1839 767 assertor
1876 714 1943 767 et
1980 704 2227 777 vindex,

322 802 374 860 si
415 800 556 861 Diis
590 800 811 882 placet,
839 801 924 862 P.
957 801 1188 863 Decius
1218 810 1331 872 est,
1362 820 1550 882 ,quem
1587 822 1703 881 ego
1736 801 1984 872 idoneis,
2024 802 2229 883 eisque
2288 816 2395 869 eie.
2426 818 2491 867 de

325 898 532 959 multis
547 899 824 970 testibus,
843 898 1160 980 pecuniam
1183 905 1392 959 centn
1415 896 1577 975 leges
1607 899 1833 980 cepisse
1856 898 2227 959 convincam.
2250 882 2534 997 griffini?

401 1000 508 1057 69.
551 1004 570 1031 ‘
595 993 808 1075 Atque
831 994 932 1057 hic
959 1014 1238 1056 secusne
1275 994 1346 1055 L.
1376 995 1685 1076 Opimium
1724 994 1926 1065 sudet,
1962 993 2127 1076 quod
2166 995 2226 1055 in
2253 1012 2392 1063 om.
2412 1016 2556 1063 eso.

321 1102 509 1172 caput
547 1090 624 1152 G.
647 1090 910 1151 Gracchi
939 1092 1308 1151 constitnerit
1343 1092 1669 1173 praemium.
1754 1090 1925 1159 Quid
1965 1093 2122 1151 enim
2146 1092 2226 1151 si·

322 1184 514 1247 mile?
551 1186 648 1248 Tu
695 1189 1004 1270 pecuniam
1047 1188 1291 1270 accipis,
1327 1197 1398 1248 ut
1422 1188 1596 1249 bonis
1628 1188 1861 1249 civibus
1897 1188 2227 1270 periculum

317 1304 519 1353 στοας
563 1284 666 1346 ille
689 1282 880 1357 dedit,
921 1293 992 1345 ut
1013 1284 1314 1365 improbos
1337 1284 1596 1346 tolleret.
1669 1283 1917 1345 Factum
1943 1292 2111 1346 tuum
2136 1284 2226 1343 in-

317 1380 520 1443 femiae
549 1381 811 1462 plenum,
839 1389 907 1442 et
938 1380 1206 1442 avaritie
1238 1379 1512 1441 sordibus
1547 1381 1922 1461 inquinatum
1954 1389 2083 1441 est:
2126 1378 2229 1441 ille

318 1496 458 1537 suas
475 1497 620 1559 opes
645 1497 764 1539 non
790 1478 998 1546 nuxit3
1041 1476 1316 1557 publices
1339 1496 1458 1537 non
1485 1476 1772 1558 profudit,
1794 1476 1899 1537 sed
1918 1476 2231 1557 impendit.

321 1571 536 1653 Atque
571 1574 804 1634 utinam
837 1572 932 1633 fes
969 1582 1140 1644 esset,
1183 1574 1448 1633 omniurn
1473 1574 1771 1637 malorum
1791 1575 2033 1635 interitu
2060 1574 2229 1653 quie-

317 1678 440 1730 tem
465 1671 632 1731 urbis
649 1678 832 1750 utque
855 1670 1232 1731 securitatem
1257 1688 1625 1751 comperero.
1688 1668 1953 1730 Nullum
1978 1671 2041 1729 in
2060 1689 2233 1731 usum

319 1768 536 1827 rectius
559 1767 769 1827 aereriu
795 1774 996 1826 nosti-s.
1021 1766 1428 1847 aperirentur!

397 1870 498 1927 70.
543 1872 562 1901 ⁶
588 1862 812 1943 Neque
851 1862 998 1921 mihi
1033 1862 1408 1941 magistratus
1445 1883 1520 1923 uc
1565 1862 1913 1943 triumphos,
1950 1860 2231 1943 Sempro·-

315 1960 564 2041 niosque
587 1980 662 2020 nc
689 1959 1014 2020 Africanos
1051 1960 1378 2039 ingesseris.
1461 1960 1737 2021 Onernnt
1776 1960 1928 2029 haec,
1963 1977 2081 2020 non
2120 1978 2230 2020 ex-

315 2066 548 2128 cusant,
591 2056 913 2117 ementium
957 2056 1284 2129 hominum,
1323 2056 1426 2137 qui
1465 2076 1657 2136 neque
1697 2055 2044 2126 honoribus,
2084 2075 2235 2135 quos

316 2162 672 2233 aeceperunt
687 2156 728 2213 'a
745 2151 1088 2233 republica:
1135 2173 1328 2233 neque
1353 2171 1590 2231 genere,
1618 2172 1737 2232 quo
1758 2151 2047 2233 procreati
2072 2160 2231 2223 sunt,

313 2246 524 2327 dignos
555 2268 620 2309 se
661 2249 1078 2330 praestiterunt.
1183 2247 1352 2309 Nam
1393 2248 1542 2329 quid
1586 2269 1701 2327 ego
1743 2248 1821 2308 de
1866 2246 1961 2307 M.
2006 2246 2231 2309 Flnoeo

315 2344 550 2425 loquar,
577 2348 751 2425 cujus
775 2345 1168 2423 arrogantiam
1194 2346 1747 2426 contumaciamque
1772 2363 1946 2405 nemo
1972 2363 2232 2424 unquam

311 2442 562 2523 probare
586 2442 818 2523 potuit?
863 2440 964 2501 De
983 2440 1278 2503 Gracchis
1308 2450 1506 2503 tacere
1547 2440 1787 2503 malim:
1832 2460 2082 2521 quorum
2116 2460 2229 2519 ego
2308 2432 2317 2439 ’

309 2536 500 2598 dilexi
526 2538 857 2610 Tiberium,
879 2536 1100 2597 Ouium
1126 2556 1242 2599 nou
1260 2535 1384 2598 odi.
1469 2538 1683 2617 Atque
1702 2538 1927 2597 utinum
1960 2539 2231 2617 egregius

309 2634 442 2693 elin
456 2635 722 2714 juvenis,
741 2634 954 2697 saltem
979 2632 1240 2695 fraterno
1265 2654 1406 2695 cusu
1429 2636 1709 2707 moninus,
1728 2634 1807 2696 ed
1830 2635 2063 2695 seniora
2086 2653 2225 2695 con-

307 2730 446 2791 silia
467 2752 530 2791 se
556 2730 888 2791 retulisset!
935 2729 1104 2791 Nam
1139 2729 1302 2811 quod
1337 2732 1518 2793 etism
1547 2730 1957 2793 adolescentes
1994 2730 2227 2804 Flacci,

309 2826 562 2888 aliorum
585 2827 808 2908 uliquis
835 2845 1108 2888 numerus
1131 2827 1310 2889 ermis
1337 2837 1444 2890 eut
1485 2828 1793 2910 suppliciis
1828 2828 2071 2900 interiit,
2113 2828 2225 2888 ha-

307 2923 456 2984 bent
475 2942 620 2984 sune
639 2924 888 2995 crimen,
907 2924 958 2983 si
987 2924 1046 2983 iu
1073 2924 1270 2985 hostes
1293 2934 1357 2984 et
1376 2924 1705 3006 proditores
1723 2926 1932 3005 putriae
1948 2923 2113 2985 nefas
2138 2932 2229 2983 est

308 3018 794 3081 animadvertere.
855 3019 976 3081 Sed
1003 3021 1116 3080 hoc
1133 3019 1438 3092 videlicet,
1454 3020 1568 3081 hoc
1584 3022 1777 3101 ipsum
1792 3030 1903 3091 est,
1918 3020 2081 3101 quod
2088 3022 2225 3099 jum

306 3114 537 3176 dudum
561 3135 600 3176 a
629 3114 878 3197 perditis
907 3116 1242 3177 hominibus
1277 3116 1581 3196 quaeritur.
1669 3115 1975 3198 Impunita.
2000 3114 2226 3177 scelera

306 3229 437 3282 sus,
464 3221 646 3293 utque
663 3212 844 3273 etiem
872 3212 1164 3273 honorate
1187 3232 1316 3273 esse
1341 3212 1612 3293 cupiunt,
1639 3233 1831 3293 eoque
1849 3214 2138 3284 nituntur,
2157 3220 2225 3272 ut

305 3308 710 3369 seditiosorum
739 3310 980 3389 quidem
1003 3310 1226 3371 civium
1267 3311 1449 3371 etium
1481 3310 1747 3371 infelicia
1770 3330 1920 3371 susa
1939 3308 2221 3371 vindicta!

308 3403 588 3465 solatium
618 3405 914 3466 habeant:
958 3406 1152 3478 bonis,
1191 3408 1243 3466 si
1271 3406 1604 3485 quiescunt,
1632 3427 1671 3467 a
1696 3406 1758 3467 vi
1782 3406 2215 3489 improborum3

229 3556 238 3567 ,
305 3502 397 3561 sin
421 3503 764 3573 restiterint,
791 3522 830 3563 a
859 3502 1110 3581 judiciis
1133 3502 1460 3584 periculum
1485 3512 1867 3585 proponatur.

273 3600 283 3611 ‘
385 3604 488 3663 71.
529 3607 550 3635 ‘
576 3598 763 3665 Quod
792 3598 938 3678 quia
974 3598 1146 3659 vobis
1181 3598 1494 3659 obscurum
1519 3620 1645 3661 esse
1673 3620 1787 3660 non
1816 3608 2034 3681 potest,
2062 3599 2215 3668 Qui-

305 3695 470 3766 rites,
514 3712 620 3775 per
659 3696 860 3755 omnis.
890 3714 1026 3773 quoe
1059 3693 1227 3755 cordi
1251 3714 1528 3776 curaeque
1553 3706 1711 3769 sunt,
1738 3717 1844 3778 per
1868 3706 1931 3757 et
1952 3716 2216 3757 commu-

305 3790 408 3850 niu
429 3790 694 3851 civitatis
719 3792 888 3868 jure,
913 3799 976 3850 et
1003 3811 1142 3851 suos
1173 3810 1468 3872 quemque
1504 3791 1724 3853 liberos
1762 3813 1889 3864 oro,
1916 3802 1985 3853 ut
2010 3801 2219 3853 euntes

305 3886 368 3947 in
405 3886 712 3965 suffragiu,
739 3906 856 3948 non
883 3885 962 3947 de
991 3886 1062 3947 L.
1093 3886 1338 3969 Opimio
1363 3888 1552 3968 quaeri
1577 3889 1691 3949 hoc
1720 3887 1981 3968 judicio,
2006 3888 2112 3949 sed
2139 3888 2217 3947 de

301 3998 529 4041 summu
543 3982 908 4063 respublica,
925 3982 1119 4064 deque
1142 3985 1306 4045 urbis
1329 3994 1391 4045 et
1423 3994 1623 4046 vestre.
1646 3986 1983 4057 securitate,
2008 3984 2217 4045 existi-

304 4078 494 4139 metis.
576 4078 716 4139 Tibi
757 4100 922 4150 vero,
950 4081 1206 4152 tribune,
1233 4080 1539 4153 denuntio,
1569 4090 1637 4143 ut
1661 4082 1863 4163 pravis
1886 4082 2218 4143 actionibus

291 4176 542 4235 turbare
592 4177 896 4237 civitatem
950 4177 1205 4237 desinas.
1303 4176 1492 4245 Quod
1541 4179 1592 4238 si
1644 4199 1811 4239 ruere
1860 4179 2213 4260 perrexeris,

303 4272 588 4351 quicquid
610 4272 689 4333 de
717 4270 788 4333 L.
820 4273 1064 4355 Opimio
1089 4273 1215 4346 fiet,
1244 4294 1436 4355 neque
1455 4284 1695 4337 senatus
1719 4276 2082 4358 reipublicae,
2110 4296 2213 4338 ne·
2268 4276 2376 4328 Cic·
2397 4292 2487 4341 pro

304 4390 420 4449 que
459 4371 690 4430 senatui
731 4370 935 4431 consul
973 4370 1200 4433 deerit.'
1284 4370 1487 4433 Missis
1519 4374 1578 4433 iu
1607 4374 1888 4453 suffragia
1922 4374 2213 4448 tribubus,
2236 4342 2511 4471 {sst'sspae
2523 4376 2538 4392 ⁰
