<?xml version="1.0" encoding="UTF-8"?>
<!DOCTYPE html PUBLIC "-//W3C//DTD XHTML 1.0 Transitional//EN"
    "http://www.w3.org/TR/xhtml1/DTD/xhtml1-transitional.dtd">
<html xmlns="http://www.w3.org/1999/xhtml" xml:lang="en" lang="en">
 <head>
  <title>
</title>
<meta http-equiv="Content-Type" content="text/html;charset=utf-8" />
  <meta name='ocr-system' content='tesseract 3.04.00' />
  <meta name='ocr-capabilities' content='ocr_page ocr_carea ocr_par ocr_line ocrx_word'/>
</head>
<body>
  <div class='ocr_page' id='page_1' title='image "./tliviipatavinih36unkngoog_0147.png"; bbox 0 0 3225 5242; ppageno 0'>
   <div class='ocr_carea' id='block_1_1' title="bbox 865 524 2552 595">
    <p class='ocr_par' dir='ltr' id='par_1_1' title="bbox 865 524 2552 595">
     <span class='ocr_line' id='line_1_1' title="bbox 865 524 2552 595; baseline 0.001 -2"><span class='ocrx_word' id='word_1_1' title='bbox 865 542 1075 594; x_wconf 76' lang='lat' dir='ltr'>mam</span> <span class='ocrx_word' id='word_1_2' title='bbox 1130 542 1315 594; x_wconf 65' lang='lat' dir='ltr'>nvn.</span> <span class='ocrx_word' id='word_1_3' title='bbox 1360 541 2014 595; x_wconf 68' lang='lat' dir='ltr'>sum-nummum.</span> <span class='ocrx_word' id='word_1_4' title='bbox 2375 524 2552 595; x_wconf 80' lang='lat'><strong>4093</strong></span> 
     </span>
    </p>
   </div>
   <div class='ocr_carea' id='block_1_2' title="bbox 234 683 2549 3865">
    <p class='ocr_par' dir='ltr' id='par_1_2' title="bbox 312 683 2222 772">
     <span class='ocr_line' id='line_1_2' title="bbox 312 683 2222 772; baseline 0 -26"><span class='ocrx_word' id='word_1_5' title='bbox 312 683 707 767; x_wconf 72' lang='lat' dir='ltr'>stangendam</span> <span class='ocrx_word' id='word_1_6' title='bbox 752 684 866 747; x_wconf 87' lang='lat' dir='ltr'>sibi</span> <span class='ocrx_word' id='word_1_7' title='bbox 912 684 1419 749; x_wconf 73' lang='lat' dir='ltr'><strong>Numantinorum</strong></span> <span class='ocrx_word' id='word_1_8' title='bbox 1462 688 1950 772; x_wconf 81' lang='lat' dir='ltr'>pugnacissimam</span> <span class='ocrx_word' id='word_1_9' title='bbox 1991 692 2222 766; x_wconf 77' lang='lat' dir='ltr'>gentem</span> 
     </span>
    </p>

    <p class='ocr_par' dir='ltr' id='par_1_3' title="bbox 234 781 2549 1250">
     <span class='ocr_line' id='line_1_3' title="bbox 234 781 2549 865; baseline -0 -22"><span class='ocrx_word' id='word_1_10' title='bbox 234 806 242 815; x_wconf 93' lang='lat'><strong>·</strong></span> <span class='ocrx_word' id='word_1_11' title='bbox 312 791 631 855; x_wconf 73' lang='lat' dir='ltr'><strong>statuerat,</strong></span> <span class='ocrx_word' id='word_1_12' title='bbox 656 803 793 844; x_wconf 90' lang='lat' dir='ltr'>cum</span> <span class='ocrx_word' id='word_1_13' title='bbox 816 804 925 865; x_wconf 86' lang='lat' dir='ltr'>per</span> <span class='ocrx_word' id='word_1_14' title='bbox 946 784 1217 865; x_wconf 81' lang='lat' dir='ltr'><strong>hyemem</strong></span> <span class='ocrx_word' id='word_1_15' title='bbox 1242 793 1306 845; x_wconf 90' lang='lat' dir='ltr'>et</span> <span class='ocrx_word' id='word_1_16' title='bbox 1326 786 1597 865; x_wconf 83' lang='lat' dir='ltr'>sequenti</span> <span class='ocrx_word' id='word_1_17' title='bbox 1623 804 1785 857; x_wconf 76' lang='lat' dir='ltr'>vere,</span> <span class='ocrx_word' id='word_1_18' title='bbox 1825 781 2111 864; x_wconf 88' lang='lat' dir='ltr'>quicquid</span> <span class='ocrx_word' id='word_1_19' title='bbox 2146 781 2224 843; x_wconf 85' lang='lat' dir='ltr'>ad</span> <span class='ocrx_word' id='word_1_20' title='bbox 2249 784 2392 838; x_wconf 75' lang='lat' dir='ltr'>Oros·</span> <span class='ocrx_word' id='word_1_21' title='bbox 2423 800 2476 837; x_wconf 75' lang='lat' dir='ltr'>v·</span> <span class='ocrx_word' id='word_1_22' title='bbox 2496 790 2549 839; x_wconf 83' lang='grc'>’1.</span> 
     </span>
     <span class='ocr_line' id='line_1_4' title="bbox 314 878 2223 965; baseline -0.001 -25"><span class='ocrx_word' id='word_1_23' title='bbox 314 880 685 965; x_wconf 84' lang='lat' dir='ltr'>propositum</span> <span class='ocrx_word' id='word_1_24' title='bbox 725 900 895 940; x_wconf 89' lang='lat' dir='ltr'>suum</span> <span class='ocrx_word' id='word_1_25' title='bbox 918 878 1115 942; x_wconf 84' lang='lat' dir='ltr'>facere</span> <span class='ocrx_word' id='word_1_26' title='bbox 1140 880 1453 941; x_wconf 78' lang='lat' dir='ltr'>videbatur</span> <span class='ocrx_word' id='word_1_27' title='bbox 1476 880 1922 960; x_wconf 75' lang='lat' dir='ltr'>diligentissime</span> <span class='ocrx_word' id='word_1_28' title='bbox 1946 878 2223 939; x_wconf 78' lang='lat' dir='ltr'>adminis-</span> 
     </span>
     <span class='ocr_line' id='line_1_5' title="bbox 312 974 2224 1057; baseline 0 -22"><span class='ocrx_word' id='word_1_29' title='bbox 312 977 619 1045; x_wconf 80' lang='lat' dir='ltr'>travisset,</span> <span class='ocrx_word' id='word_1_30' title='bbox 663 977 725 1036; x_wconf 90' lang='lat' dir='ltr'>in</span> <span class='ocrx_word' id='word_1_31' title='bbox 763 976 1009 1036; x_wconf 88' lang='lat' dir='ltr'>multam</span> <span class='ocrx_word' id='word_1_32' title='bbox 1051 984 1315 1037; x_wconf 75' lang='lat' dir='ltr'>aestatem</span> <span class='ocrx_word' id='word_1_33' title='bbox 1356 976 1579 1057; x_wconf 76' lang='lat' dir='ltr'>us&#39;que¹·</span> <span class='ocrx_word' id='word_1_34' title='bbox 1619 978 1735 1037; x_wconf 92' lang='lat' dir='ltr'>hoc</span> <span class='ocrx_word' id='word_1_35' title='bbox 1759 994 1940 1036; x_wconf 88' lang='lat' dir='ltr'>unum</span> <span class='ocrx_word' id='word_1_36' title='bbox 1965 974 2224 1037; x_wconf 82' lang='lat' dir='ltr'>maxime</span> 
     </span>
     <span class='ocr_line' id='line_1_6' title="bbox 317 1072 2461 1154; baseline -0 -22"><span class='ocrx_word' id='word_1_37' title='bbox 317 1072 565 1151; x_wconf 74' lang='lat' dir='ltr'>agebat,</span> <span class='ocrx_word' id='word_1_38' title='bbox 592 1082 659 1132; x_wconf 91' lang='lat' dir='ltr'>ut</span> <span class='ocrx_word' id='word_1_39' title='bbox 682 1090 917 1132; x_wconf 88' lang='lat' dir='ltr'>omnem</span> <span class='ocrx_word' id='word_1_40' title='bbox 944 1092 1061 1133; x_wconf 87' lang='lat' dir='ltr'>non</span> <span class='ocrx_word' id='word_1_41' title='bbox 1086 1074 1319 1154; x_wconf 83' lang='lat' dir='ltr'>copiam</span> <span class='ocrx_word' id='word_1_42' title='bbox 1356 1074 1554 1144; x_wconf 88' lang='lat' dir='ltr'>modo,</span> <span class='ocrx_word' id='word_1_43' title='bbox 1590 1072 1696 1133; x_wconf 88' lang='lat' dir='ltr'>sed</span> <span class='ocrx_word' id='word_1_44' title='bbox 1723 1073 1904 1133; x_wconf 88' lang='lat' dir='ltr'>etiam</span> <span class='ocrx_word' id='word_1_45' title='bbox 1927 1091 2092 1153; x_wconf 88' lang='lat' dir='ltr'>spem</span> <span class='ocrx_word' id='word_1_46' title='bbox 2119 1090 2225 1131; x_wconf 86' lang='lat' dir='ltr'>an-</span> <span class='ocrx_word' id='word_1_47' title='bbox 2249 1081 2461 1151; x_wconf 64' lang='lat' dir='ltr'>Appiani.</span> 
     </span>
     <span class='ocr_line' id='line_1_7' title="bbox 318 1167 2228 1250; baseline -0.001 -23"><span class='ocrx_word' id='word_1_48' title='bbox 318 1186 493 1227; x_wconf 81' lang='lat' dir='ltr'>nonae</span> <span class='ocrx_word' id='word_1_49' title='bbox 514 1168 777 1229; x_wconf 76' lang='lat' dir='ltr'>hostibus</span> <span class='ocrx_word' id='word_1_50' title='bbox 793 1176 1207 1250; x_wconf 79' lang='lat' dir='ltr'>corrumperet.</span> <span class='ocrx_word' id='word_1_51' title='bbox 1260 1168 1477 1249; x_wconf 88' lang='lat' dir='ltr'>Itaque</span> <span class='ocrx_word' id='word_1_52' title='bbox 1498 1167 1569 1230; x_wconf 90' lang='lat' dir='ltr'>N</span> <span class='ocrx_word' id='word_1_53' title='bbox 1571 1168 1878 1238; x_wconf 76' lang='lat' dir='ltr'>amantini,</span> <span class='ocrx_word' id='word_1_54' title='bbox 1899 1188 2032 1228; x_wconf 88' lang='lat' dir='ltr'>cum</span> <span class='ocrx_word' id='word_1_55' title='bbox 2055 1186 2228 1247; x_wconf 75' lang='lat' dir='ltr'>agros</span> 
     </span>
    </p>

    <p class='ocr_par' dir='ltr' id='par_1_4' title="bbox 316 1264 2222 1345">
     <span class='ocr_line' id='line_1_8' title="bbox 316 1264 2222 1345; baseline 0 -22"><span class='ocrx_word' id='word_1_56' title='bbox 316 1283 457 1323; x_wconf 81' lang='lat' dir='ltr'>suos</span> <span class='ocrx_word' id='word_1_57' title='bbox 496 1265 733 1345; x_wconf 88' lang='lat' dir='ltr'>impune</span> <span class='ocrx_word' id='word_1_58' title='bbox 772 1266 991 1326; x_wconf 80' lang='lat' dir='ltr'>vastari</span> <span class='ocrx_word' id='word_1_59' title='bbox 1026 1284 1145 1325; x_wconf 89' lang='lat' dir='ltr'>nou</span> <span class='ocrx_word' id='word_1_60' title='bbox 1174 1264 1416 1336; x_wconf 77' lang='lat' dir='ltr'>ferrent,</span> <span class='ocrx_word' id='word_1_61' title='bbox 1442 1264 1682 1325; x_wconf 86' lang='lat' dir='ltr'>insidias</span> <span class='ocrx_word' id='word_1_62' title='bbox 1706 1264 1787 1325; x_wconf 93' lang='lat' dir='ltr'>ad</span> <span class='ocrx_word' id='word_1_63' title='bbox 1810 1265 2008 1325; x_wconf 82' lang='lat' dir='ltr'>vicum</span> <span class='ocrx_word' id='word_1_64' title='bbox 2034 1284 2222 1345; x_wconf 88' lang='lat' dir='ltr'>quen-</span> 
     </span>
    </p>

    <p class='ocr_par' dir='ltr' id='par_1_5' title="bbox 316 1357 2226 1444">
     <span class='ocr_line' id='line_1_9' title="bbox 316 1357 2226 1444; baseline 0.002 -26"><span class='ocrx_word' id='word_1_65' title='bbox 316 1357 461 1420; x_wconf 91' lang='lat' dir='ltr'>dam</span> <span class='ocrx_word' id='word_1_66' title='bbox 484 1360 879 1431; x_wconf 76' lang='lat' dir='ltr'>collocarunt,</span> <span class='ocrx_word' id='word_1_67' title='bbox 904 1362 1163 1421; x_wconf 89' lang='lat' dir='ltr'>maxime</span> <span class='ocrx_word' id='word_1_68' title='bbox 1186 1371 1519 1444; x_wconf 88' lang='lat' dir='ltr'>opportuno</span> <span class='ocrx_word' id='word_1_69' title='bbox 1543 1360 1622 1422; x_wconf 85' lang='lat' dir='ltr'>ad</span> <span class='ocrx_word' id='word_1_70' title='bbox 1663 1360 1952 1441; x_wconf 85' lang='lat' dir='ltr'>ejusmodi</span> <span class='ocrx_word' id='word_1_71' title='bbox 1987 1358 2226 1421; x_wconf 75' lang='lat' dir='ltr'>fraudes</span> 
     </span>
    </p>

    <p class='ocr_par' dir='ltr' id='par_1_6' title="bbox 314 1455 2224 1825">
     <span class='ocr_line' id='line_1_10' title="bbox 316 1455 2224 1539; baseline 0.001 -24"><span class='ocrx_word' id='word_1_72' title='bbox 316 1458 454 1516; x_wconf 85' lang='lat' dir='ltr'>situ.</span> <span class='ocrx_word' id='word_1_73' title='bbox 540 1456 697 1518; x_wconf 86' lang='lat' dir='ltr'>Cum</span> <span class='ocrx_word' id='word_1_74' title='bbox 722 1458 879 1518; x_wconf 90' lang='lat' dir='ltr'>enim</span> <span class='ocrx_word' id='word_1_75' title='bbox 906 1459 1116 1538; x_wconf 87' lang='lat' dir='ltr'>majori</span> <span class='ocrx_word' id='word_1_76' title='bbox 1136 1475 1213 1518; x_wconf 85' lang='lat' dir='ltr'>ex</span> <span class='ocrx_word' id='word_1_77' title='bbox 1240 1467 1407 1539; x_wconf 79' lang='lat' dir='ltr'>parte</span> <span class='ocrx_word' id='word_1_78' title='bbox 1432 1458 1601 1518; x_wconf 86' lang='lat' dir='ltr'>vicus</span> <span class='ocrx_word' id='word_1_79' title='bbox 1625 1457 1833 1517; x_wconf 88' lang='lat' dir='ltr'>limosa</span> <span class='ocrx_word' id='word_1_80' title='bbox 1857 1455 2074 1539; x_wconf 80' lang='lat' dir='ltr'>palude</span> <span class='ocrx_word' id='word_1_81' title='bbox 2097 1457 2224 1517; x_wconf 90' lang='lat' dir='ltr'>cin-</span> 
     </span>
     <span class='ocr_line' id='line_1_11' title="bbox 318 1551 2224 1635; baseline 0 -22"><span class='ocrx_word' id='word_1_82' title='bbox 318 1562 591 1631; x_wconf 79' lang='lat' dir='ltr'>geretur3</span> <span class='ocrx_word' id='word_1_83' title='bbox 634 1573 756 1635; x_wconf 89' lang='lat' dir='ltr'>qua</span> <span class='ocrx_word' id='word_1_84' title='bbox 790 1556 951 1615; x_wconf 87' lang='lat' dir='ltr'>sicco</span> <span class='ocrx_word' id='word_1_85' title='bbox 998 1556 1203 1615; x_wconf 86' lang='lat' dir='ltr'>itinere</span> <span class='ocrx_word' id='word_1_86' title='bbox 1242 1554 1539 1625; x_wconf 82' lang='lat' dir='ltr'>adibatur,</span> <span class='ocrx_word' id='word_1_87' title='bbox 1566 1552 1747 1615; x_wconf 82' lang='lat' dir='ltr'>vallis</span> <span class='ocrx_word' id='word_1_88' title='bbox 1768 1551 2060 1635; x_wconf 87' lang='lat' dir='ltr'>profunda</span> <span class='ocrx_word' id='word_1_89' title='bbox 2083 1554 2224 1615; x_wconf 87' lang='lat' dir='ltr'>sub-</span> 
     </span>
     <span class='ocr_line' id='line_1_12' title="bbox 314 1648 2222 1711; baseline 0.001 -2"><span class='ocrx_word' id='word_1_90' title='bbox 314 1648 570 1710; x_wconf 85' lang='lat' dir='ltr'>sederat.</span> <span class='ocrx_word' id='word_1_91' title='bbox 654 1649 731 1711; x_wconf 86' lang='lat' dir='ltr'>In</span> <span class='ocrx_word' id='word_1_92' title='bbox 773 1650 889 1711; x_wconf 83' lang='lat' dir='ltr'>hac</span> <span class='ocrx_word' id='word_1_93' title='bbox 926 1650 1165 1711; x_wconf 87' lang='lat' dir='ltr'>occulta</span> <span class='ocrx_word' id='word_1_94' title='bbox 1199 1650 1453 1711; x_wconf 83' lang='lat' dir='ltr'>hostium</span> <span class='ocrx_word' id='word_1_95' title='bbox 1492 1668 1702 1711; x_wconf 87' lang='lat' dir='ltr'>manus</span> <span class='ocrx_word' id='word_1_96' title='bbox 1723 1650 2090 1711; x_wconf 69' lang='lat' dir='ltr'>occasionem</span> <span class='ocrx_word' id='word_1_97' title='bbox 2113 1669 2222 1711; x_wconf 81' lang='lat' dir='ltr'>ex-</span> 
     </span>
     <span class='ocr_line' id='line_1_13' title="bbox 317 1746 625 1825; baseline 0.003 -20"><span class='ocrx_word' id='word_1_98' title='bbox 317 1746 625 1825; x_wconf 85' lang='lat' dir='ltr'>pectabat.</span> 
     </span>
    </p>

    <p class='ocr_par' dir='ltr' id='par_1_7' title="bbox 305 1840 2542 3383">
     <span class='ocr_line' id='line_1_14' title="bbox 396 1840 2226 1916; baseline 0.002 -15"><span class='ocrx_word' id='word_1_99' title='bbox 396 1848 501 1904; x_wconf 78' lang='lat'>21.</span> <span class='ocrx_word' id='word_1_100' title='bbox 545 1842 811 1904; x_wconf 87' lang='lat' dir='ltr'>Romani</span> <span class='ocrx_word' id='word_1_101' title='bbox 848 1864 987 1904; x_wconf 90' lang='lat' dir='ltr'>cum</span> <span class='ocrx_word' id='word_1_102' title='bbox 1020 1842 1101 1903; x_wconf 93' lang='lat' dir='ltr'>ad</span> <span class='ocrx_word' id='word_1_103' title='bbox 1136 1862 1269 1904; x_wconf 89' lang='lat' dir='ltr'>eum</span> <span class='ocrx_word' id='word_1_104' title='bbox 1312 1840 1509 1903; x_wconf 89' lang='lat' dir='ltr'>locum</span> <span class='ocrx_word' id='word_1_105' title='bbox 1532 1842 1846 1916; x_wconf 80' lang='lat' dir='ltr'>venisseut,</span> <span class='ocrx_word' id='word_1_106' title='bbox 1876 1842 1978 1903; x_wconf 85' lang='lat' dir='ltr'>alii</span> <span class='ocrx_word' id='word_1_107' title='bbox 2003 1842 2226 1905; x_wconf 85' lang='lat' dir='ltr'>relictis</span> 
     </span>
     <span class='ocr_line' id='line_1_15' title="bbox 314 1938 2222 2021; baseline 0.002 -23"><span class='ocrx_word' id='word_1_108' title='bbox 314 1947 457 1999; x_wconf 88' lang='lat' dir='ltr'>ante</span> <span class='ocrx_word' id='word_1_109' title='bbox 486 1941 684 2000; x_wconf 80' lang='lat' dir='ltr'>vicum</span> <span class='ocrx_word' id='word_1_110' title='bbox 708 1941 888 2019; x_wconf 80' lang='lat' dir='ltr'>signis</span> <span class='ocrx_word' id='word_1_111' title='bbox 920 1939 997 2000; x_wconf 85' lang='lat' dir='ltr'>ad</span> <span class='ocrx_word' id='word_1_112' title='bbox 1021 1938 1385 2021; x_wconf 86' lang='lat' dir='ltr'>diripiendas</span> <span class='ocrx_word' id='word_1_113' title='bbox 1408 1939 1613 2001; x_wconf 84' lang='lat' dir='ltr'>domos</span> <span class='ocrx_word' id='word_1_114' title='bbox 1635 1941 1916 2020; x_wconf 89' lang='lat' dir='ltr'>irrupere,</span> <span class='ocrx_word' id='word_1_115' title='bbox 1942 1941 2070 2011; x_wconf 90' lang='lat' dir='ltr'>alii,</span> <span class='ocrx_word' id='word_1_116' title='bbox 2097 1960 2222 2001; x_wconf 90' lang='lat' dir='ltr'>ma-</span> 
     </span>
     <span class='ocr_line' id='line_1_16' title="bbox 316 2036 2318 2117; baseline 0.002 -23"><span class='ocrx_word' id='word_1_117' title='bbox 316 2054 428 2095; x_wconf 88' lang='lat' dir='ltr'>nus</span> <span class='ocrx_word' id='word_1_118' title='bbox 454 2055 573 2095; x_wconf 87' lang='lat' dir='ltr'>non</span> <span class='ocrx_word' id='word_1_119' title='bbox 598 2036 749 2097; x_wconf 85' lang='lat' dir='ltr'>adeo</span> <span class='ocrx_word' id='word_1_120' title='bbox 766 2056 982 2117; x_wconf 75' lang='lat' dir='ltr'>magna</span> <span class='ocrx_word' id='word_1_121' title='bbox 1000 2036 1227 2097; x_wconf 89' lang='lat' dir='ltr'>eminus</span> <span class='ocrx_word' id='word_1_122' title='bbox 1246 2036 1796 2117; x_wconf 82' lang='lat' dir='ltr'>circumequitabat.</span> <span class='ocrx_word' id='word_1_123' title='bbox 1881 2036 1956 2097; x_wconf 87' lang='lat' dir='ltr'>In</span> <span class='ocrx_word' id='word_1_124' title='bbox 1982 2037 2092 2098; x_wconf 87' lang='lat' dir='ltr'>hos</span> <span class='ocrx_word' id='word_1_125' title='bbox 2111 2038 2221 2098; x_wconf 87' lang='lat' dir='ltr'>im·</span> <span class='ocrx_word' id='word_1_126' title='bbox 2307 2058 2318 2083; x_wconf 45' lang='grc' dir='ltr'><em>κ</em></span> 
     </span>
     <span class='ocr_line' id='line_1_17' title="bbox 312 2122 2222 2215; baseline 0.001 -23"><span class='ocrx_word' id='word_1_127' title='bbox 312 2140 521 2212; x_wconf 83' lang='lat' dir='ltr'>petum</span> <span class='ocrx_word' id='word_1_128' title='bbox 540 2132 757 2205; x_wconf 82' lang='lat' dir='ltr'>fecere,</span> <span class='ocrx_word' id='word_1_129' title='bbox 776 2122 879 2215; x_wconf 83' lang='lat' dir='ltr'>qui</span> <span class='ocrx_word' id='word_1_130' title='bbox 899 2132 1121 2194; x_wconf 86' lang='lat' dir='ltr'>conditi</span> <span class='ocrx_word' id='word_1_131' title='bbox 1135 2133 1195 2191; x_wconf 90' lang='lat' dir='ltr'>in</span> <span class='ocrx_word' id='word_1_132' title='bbox 1212 2132 1442 2192; x_wconf 79' lang='lat' dir='ltr'>insidiis</span> <span class='ocrx_word' id='word_1_133' title='bbox 1458 2132 1726 2193; x_wconf 75' lang='lat' dir='ltr'>fuerant:</span> <span class='ocrx_word' id='word_1_134' title='bbox 1756 2153 1950 2215; x_wconf 84' lang='lat' dir='ltr'>neque</span> <span class='ocrx_word' id='word_1_135' title='bbox 1969 2131 2222 2195; x_wconf 84' lang='lat' dir='ltr'>difficul-</span> 
     </span>
     <span class='ocr_line' id='line_1_18' title="bbox 308 2228 2386 2313; baseline 0.001 -24"><span class='ocrx_word' id='word_1_136' title='bbox 308 2234 409 2289; x_wconf 86' lang='lat' dir='ltr'>ter</span> <span class='ocrx_word' id='word_1_137' title='bbox 432 2237 502 2289; x_wconf 88' lang='lat' dir='ltr'>ut</span> <span class='ocrx_word' id='word_1_138' title='bbox 525 2249 747 2310; x_wconf 85' lang='lat' dir='ltr'>paucos</span> <span class='ocrx_word' id='word_1_139' title='bbox 770 2238 833 2290; x_wconf 89' lang='lat' dir='ltr'>et</span> <span class='ocrx_word' id='word_1_140' title='bbox 854 2230 979 2291; x_wconf 84' lang='lat' dir='ltr'>tale</span> <span class='ocrx_word' id='word_1_141' title='bbox 1006 2228 1157 2289; x_wconf 87' lang='lat' dir='ltr'>nihil</span> <span class='ocrx_word' id='word_1_142' title='bbox 1184 2228 1456 2309; x_wconf 73' lang='lat' dir='ltr'>opinatos</span> <span class='ocrx_word' id='word_1_143' title='bbox 1480 2228 1851 2311; x_wconf 83' lang='lat' dir='ltr'>pepulerunt.</span> <span class='ocrx_word' id='word_1_144' title='bbox 1936 2228 2058 2291; x_wconf 85' lang='lat' dir='ltr'>Sed</span> <span class='ocrx_word' id='word_1_145' title='bbox 2086 2228 2219 2291; x_wconf 89' lang='lat' dir='ltr'>Sci·</span> <span class='ocrx_word' id='word_1_146' title='bbox 2241 2232 2386 2313; x_wconf 50' lang='lat'>010⁵·-</span> 
     </span>
     <span class='ocr_line' id='line_1_19' title="bbox 310 2298 2457 2408; baseline 0.001 -23"><span class='ocrx_word' id='word_1_147' title='bbox 310 2324 443 2405; x_wconf 89' lang='lat' dir='ltr'>pio,</span> <span class='ocrx_word' id='word_1_148' title='bbox 469 2326 571 2406; x_wconf 88' lang='lat' dir='ltr'>qui</span> <span class='ocrx_word' id='word_1_149' title='bbox 598 2324 753 2388; x_wconf 81' lang='lat' dir='ltr'>forte</span> <span class='ocrx_word' id='word_1_150' title='bbox 778 2325 940 2407; x_wconf 83' lang='lat' dir='ltr'>apud</span> <span class='ocrx_word' id='word_1_151' title='bbox 974 2326 1145 2405; x_wconf 77' lang='lat' dir='ltr'>signa</span> <span class='ocrx_word' id='word_1_152' title='bbox 1182 2326 1493 2395; x_wconf 69' lang='lat' dir='ltr'>restiterat,</span> <span class='ocrx_word' id='word_1_153' title='bbox 1519 2327 1812 2387; x_wconf 81' lang='lat' dir='ltr'>revocatis</span> <span class='ocrx_word' id='word_1_154' title='bbox 1835 2324 2084 2387; x_wconf 85' lang='lat' dir='ltr'>classico</span> <span class='ocrx_word' id='word_1_155' title='bbox 2117 2329 2224 2408; x_wconf 90' lang='lat' dir='ltr'>qni</span> <span class='ocrx_word' id='word_1_156' title='bbox 2247 2298 2457 2365; x_wconf 59' lang='lat' dir='ltr'>Appium.</span> 
     </span>
     <span class='ocr_line' id='line_1_20' title="bbox 308 2422 2220 2505; baseline 0.002 -24"><span class='ocrx_word' id='word_1_157' title='bbox 308 2422 515 2483; x_wconf 81' lang='lat' dir='ltr'>vicum</span> <span class='ocrx_word' id='word_1_158' title='bbox 542 2424 925 2496; x_wconf 80' lang='lat' dir='ltr'>intraverant,</span> <span class='ocrx_word' id='word_1_159' title='bbox 940 2441 1077 2485; x_wconf 89' lang='lat' dir='ltr'>cum</span> <span class='ocrx_word' id='word_1_160' title='bbox 1100 2423 1407 2505; x_wconf 88' lang='lat' dir='ltr'>pauciores</span> <span class='ocrx_word' id='word_1_161' title='bbox 1430 2422 1598 2483; x_wconf 87' lang='lat' dir='ltr'>mille</span> <span class='ocrx_word' id='word_1_162' title='bbox 1619 2424 2024 2494; x_wconf 86' lang='lat' dir='ltr'>accurrissent,</span> <span class='ocrx_word' id='word_1_163' title='bbox 2043 2440 2220 2504; x_wconf 85' lang='lat' dir='ltr'>opem</span> 
     </span>
     <span class='ocr_line' id='line_1_21' title="bbox 306 2518 2218 2602; baseline 0.001 -23"><span class='ocrx_word' id='word_1_164' title='bbox 306 2518 469 2580; x_wconf 81' lang='lat' dir='ltr'>ferre</span> <span class='ocrx_word' id='word_1_165' title='bbox 492 2520 900 2582; x_wconf 73' lang='lat' dir='ltr'>laborantibus</span> <span class='ocrx_word' id='word_1_166' title='bbox 931 2521 1128 2601; x_wconf 85' lang='lat' dir='ltr'>coepit.</span> <span class='ocrx_word' id='word_1_167' title='bbox 1211 2519 1501 2581; x_wconf 80' lang='lat' dir='ltr'>conserta</span> <span class='ocrx_word' id='word_1_168' title='bbox 1527 2539 1747 2601; x_wconf 76' lang='lat' dir='ltr'>pugna,</span> <span class='ocrx_word' id='word_1_169' title='bbox 1775 2520 1904 2602; x_wconf 88' lang='lat' dir='ltr'>pari</span> <span class='ocrx_word' id='word_1_170' title='bbox 1928 2519 2218 2601; x_wconf 87' lang='lat' dir='ltr'>aliquam-</span> 
     </span>
     <span class='ocr_line' id='line_1_22' title="bbox 309 2614 2220 2697; baseline 0 -19"><span class='ocrx_word' id='word_1_171' title='bbox 309 2616 417 2679; x_wconf 81' lang='lat' dir='ltr'>diu</span> <span class='ocrx_word' id='word_1_172' title='bbox 445 2616 649 2679; x_wconf 79' lang='lat' dir='ltr'>Marte</span> <span class='ocrx_word' id='word_1_173' title='bbox 692 2628 981 2680; x_wconf 85' lang='lat' dir='ltr'>certatmn</span> <span class='ocrx_word' id='word_1_174' title='bbox 1020 2627 1135 2690; x_wconf 88' lang='lat' dir='ltr'>est,</span> <span class='ocrx_word' id='word_1_175' title='bbox 1172 2616 1363 2678; x_wconf 91' lang='lat' dir='ltr'>donec</span> <span class='ocrx_word' id='word_1_176' title='bbox 1402 2614 1652 2677; x_wconf 75' lang='lat' dir='ltr'>subinde</span> <span class='ocrx_word' id='word_1_177' title='bbox 1691 2617 1964 2697; x_wconf 81' lang='lat' dir='ltr'>pluribus</span> <span class='ocrx_word' id='word_1_178' title='bbox 1981 2637 2058 2678; x_wconf 83' lang='lat' dir='ltr'>ex</span> <span class='ocrx_word' id='word_1_179' title='bbox 2071 2618 2220 2678; x_wconf 62' lang='lat' dir='ltr'>vico</span> 
     </span>
     <span class='ocr_line' id='line_1_23' title="bbox 308 2714 2223 2796; baseline 0 -19"><span class='ocrx_word' id='word_1_180' title='bbox 308 2717 803 2787; x_wconf 81' lang='lat' dir='ltr'>succurrentibus,</span> <span class='ocrx_word' id='word_1_181' title='bbox 830 2718 1028 2779; x_wconf 78' lang='lat' dir='ltr'>hostes</span> <span class='ocrx_word' id='word_1_182' title='bbox 1050 2715 1359 2796; x_wconf 78' lang='lat' dir='ltr'>fugerunt:</span> <span class='ocrx_word' id='word_1_183' title='bbox 1400 2735 1595 2795; x_wconf 85' lang='lat' dir='ltr'>neque</span> <span class='ocrx_word' id='word_1_184' title='bbox 1627 2714 1974 2776; x_wconf 84' lang='lat' dir='ltr'>cedentibus</span> <span class='ocrx_word' id='word_1_185' title='bbox 2009 2715 2223 2777; x_wconf 83' lang='lat' dir='ltr'>institit</span> 
     </span>
     <span class='ocr_line' id='line_1_24' title="bbox 308 2813 2215 2897; baseline 0 -22"><span class='ocrx_word' id='word_1_186' title='bbox 308 2814 543 2897; x_wconf 85' lang='lat' dir='ltr'>Scipio,</span> <span class='ocrx_word' id='word_1_187' title='bbox 569 2825 881 2876; x_wconf 86' lang='lat' dir='ltr'>contentus</span> <span class='ocrx_word' id='word_1_188' title='bbox 920 2834 957 2875; x_wconf 90' lang='lat' dir='ltr'>a</span> <span class='ocrx_word' id='word_1_189' title='bbox 986 2836 1049 2875; x_wconf 89' lang='lat' dir='ltr'>se</span> <span class='ocrx_word' id='word_1_190' title='bbox 1072 2815 1313 2876; x_wconf 89' lang='lat' dir='ltr'>tandem</span> <span class='ocrx_word' id='word_1_191' title='bbox 1338 2813 1615 2873; x_wconf 84' lang='lat' dir='ltr'>effectum</span> <span class='ocrx_word' id='word_1_192' title='bbox 1641 2832 1790 2885; x_wconf 86' lang='lat' dir='ltr'>esse,</span> <span class='ocrx_word' id='word_1_193' title='bbox 1819 2821 1908 2884; x_wconf 89' lang='lat' dir='ltr'>ut,</span> <span class='ocrx_word' id='word_1_194' title='bbox 1932 2832 2055 2873; x_wconf 90' lang='lat' dir='ltr'>rem</span> <span class='ocrx_word' id='word_1_195' title='bbox 2081 2834 2215 2895; x_wconf 89' lang='lat' dir='ltr'>pro-</span> 
     </span>
     <span class='ocr_line' id='line_1_25' title="bbox 305 2908 2542 2991; baseline -0.001 -20"><span class='ocrx_word' id='word_1_196' title='bbox 305 2910 477 2991; x_wconf 76' lang='lat' dir='ltr'>digio</span> <span class='ocrx_word' id='word_1_197' title='bbox 517 2912 792 2984; x_wconf 86' lang='lat' dir='ltr'>similem,</span> <span class='ocrx_word' id='word_1_198' title='bbox 834 2910 1194 2972; x_wconf 83' lang='lat' dir='ltr'>Numantini</span> <span class='ocrx_word' id='word_1_199' title='bbox 1238 2910 1443 2971; x_wconf 88' lang='lat' dir='ltr'>militis</span> <span class='ocrx_word' id='word_1_200' title='bbox 1479 2918 1648 2989; x_wconf 79' lang='lat' dir='ltr'>terga</span> <span class='ocrx_word' id='word_1_201' title='bbox 1681 2910 1874 2971; x_wconf 80' lang='lat' dir='ltr'>victor</span> <span class='ocrx_word' id='word_1_202' title='bbox 1907 2908 2218 2971; x_wconf 84' lang='lat' dir='ltr'>Romanus</span> <span class='ocrx_word' id='word_1_203' title='bbox 2240 2910 2372 2991; x_wconf 63' lang='lat' dir='ltr'>flor:</span> <span class='ocrx_word' id='word_1_204' title='bbox 2391 2917 2542 2966; x_wconf 56' lang='lat'>¹1³8-</span> 
     </span>
     <span class='ocr_line' id='line_1_26' title="bbox 307 2977 2503 3101; baseline -0.001 -33"><span class='ocrx_word' id='word_1_205' title='bbox 307 3010 619 3090; x_wconf 83' lang='lat' dir='ltr'>aspiceret.</span> <span class='ocrx_word' id='word_1_206' title='bbox 700 3007 901 3069; x_wconf 86' lang='lat' dir='ltr'>Pauci</span> <span class='ocrx_word' id='word_1_207' title='bbox 940 3008 1231 3089; x_wconf 85' lang='lat' dir='ltr'>utrimque</span> <span class='ocrx_word' id='word_1_208' title='bbox 1280 3005 1595 3067; x_wconf 85' lang='lat' dir='ltr'>desiderati</span> <span class='ocrx_word' id='word_1_209' title='bbox 1633 3004 1992 3101; x_wconf 80' lang='lat' dir='ltr'>referuntur.</span> <span class='ocrx_word' id='word_1_210' title='bbox 2075 3004 2146 3067; x_wconf 87' lang='lat' dir='ltr'>N</span> <span class='ocrx_word' id='word_1_211' title='bbox 2147 3026 2217 3066; x_wconf 85' lang='lat' dir='ltr'>u·</span> <span class='ocrx_word' id='word_1_212' title='bbox 2239 2977 2286 3027; x_wconf 65' lang='lat' dir='ltr'>A</span> <span class='ocrx_word' id='word_1_213' title='bbox 2315 2993 2503 3093; x_wconf 47' lang='lat'>{¹¹33-</span> 
     </span>
     <span class='ocr_line' id='line_1_27' title="bbox 306 3101 2542 3184; baseline -0.003 -18"><span class='ocrx_word' id='word_1_214' title='bbox 306 3106 629 3177; x_wconf 65' lang='lat' dir='ltr'>maurinos,</span> <span class='ocrx_word' id='word_1_215' title='bbox 652 3124 789 3166; x_wconf 88' lang='lat' dir='ltr'>cum</span> <span class='ocrx_word' id='word_1_216' title='bbox 812 3103 903 3164; x_wconf 72' lang='lat' dir='ltr'>‘ad</span> <span class='ocrx_word' id='word_1_217' title='bbox 926 3104 1129 3165; x_wconf 88' lang='lat' dir='ltr'>urbem</span> <span class='ocrx_word' id='word_1_218' title='bbox 1153 3101 1518 3183; x_wconf 81' lang='lat' dir='ltr'>refugissent,</span> <span class='ocrx_word' id='word_1_219' title='bbox 1546 3103 1759 3164; x_wconf 82' lang='lat' dir='ltr'>acriter</span> <span class='ocrx_word' id='word_1_220' title='bbox 1783 3102 2218 3184; x_wconf 84' lang='lat' dir='ltr'>increpantibus</span> <span class='ocrx_word' id='word_1_221' title='bbox 2239 3108 2388 3174; x_wconf 80' lang='lat' dir='ltr'>poph.</span> <span class='ocrx_word' id='word_1_222' title='bbox 2410 3106 2542 3174; x_wconf 78' lang='lat' dir='ltr'>Scip.</span> 
     </span>
     <span class='ocr_line' id='line_1_28' title="bbox 306 3199 2217 3283; baseline -0.001 -21"><span class='ocrx_word' id='word_1_223' title='bbox 306 3202 663 3275; x_wconf 86' lang='lat' dir='ltr'>senioribus,</span> <span class='ocrx_word' id='word_1_224' title='bbox 704 3206 725 3235; x_wconf 79' lang='lat'>⁸</span> <span class='ocrx_word' id='word_1_225' title='bbox 753 3200 916 3281; x_wconf 88' lang='lat' dir='ltr'>quod</span> <span class='ocrx_word' id='word_1_226' title='bbox 952 3202 1033 3261; x_wconf 88' lang='lat' dir='ltr'>ab</span> <span class='ocrx_word' id='word_1_227' title='bbox 1066 3200 1274 3261; x_wconf 88' lang='lat' dir='ltr'>iisdem</span> <span class='ocrx_word' id='word_1_228' title='bbox 1310 3200 1430 3261; x_wconf 88' lang='lat' dir='ltr'>illis</span> <span class='ocrx_word' id='word_1_229' title='bbox 1462 3199 1605 3283; x_wconf 87' lang='lat' dir='ltr'>pelli</span> <span class='ocrx_word' id='word_1_230' title='bbox 1629 3200 2042 3271; x_wconf 85' lang='lat' dir='ltr'>sustinuerant,</span> <span class='ocrx_word' id='word_1_231' title='bbox 2067 3220 2217 3281; x_wconf 90' lang='lat' dir='ltr'>quos</span> 
     </span>
     <span class='ocr_line' id='line_1_29' title="bbox 305 3296 2213 3383; baseline -0.001 -24"><span class='ocrx_word' id='word_1_232' title='bbox 305 3300 489 3359; x_wconf 79' lang='lat' dir='ltr'>toties</span> <span class='ocrx_word' id='word_1_233' title='bbox 538 3298 953 3379; x_wconf 83' lang='lat' dir='ltr'>superassent,’</span> <span class='ocrx_word' id='word_1_234' title='bbox 1012 3316 1350 3383; x_wconf 87' lang='lat' dir='ltr'>responsum</span> <span class='ocrx_word' id='word_1_235' title='bbox 1402 3317 1440 3357; x_wconf 90' lang='lat' dir='ltr'>a</span> <span class='ocrx_word' id='word_1_236' title='bbox 1490 3296 1750 3378; x_wconf 84' lang='lat' dir='ltr'>quodam</span> <span class='ocrx_word' id='word_1_237' title='bbox 1799 3316 1926 3357; x_wconf 84' lang='lat' dir='ltr'>esse</span> <span class='ocrx_word' id='word_1_238' title='bbox 1975 3296 2213 3369; x_wconf 88' lang='lat' dir='ltr'>dicitur,</span> 
     </span>
    </p>

    <p class='ocr_par' dir='ltr' id='par_1_8' title="bbox 308 3392 2134 3475">
     <span class='ocr_line' id='line_1_30' title="bbox 308 3392 2134 3475; baseline 0 -20"><span class='ocrx_word' id='word_1_239' title='bbox 308 3404 326 3430; x_wconf 92' lang='lat'>‘</span> <span class='ocrx_word' id='word_1_240' title='bbox 352 3415 499 3455; x_wconf 82' lang='lat' dir='ltr'>oves</span> <span class='ocrx_word' id='word_1_241' title='bbox 524 3394 763 3474; x_wconf 89' lang='lat' dir='ltr'>quidem</span> <span class='ocrx_word' id='word_1_242' title='bbox 788 3393 1027 3455; x_wconf 82' lang='lat' dir='ltr'>easdem</span> <span class='ocrx_word' id='word_1_243' title='bbox 1046 3414 1194 3464; x_wconf 84' lang='lat' dir='ltr'>esse,</span> <span class='ocrx_word' id='word_1_244' title='bbox 1222 3392 1327 3455; x_wconf 87' lang='lat' dir='ltr'>sed</span> <span class='ocrx_word' id='word_1_245' title='bbox 1354 3392 1535 3454; x_wconf 89' lang='lat' dir='ltr'>alium</span> <span class='ocrx_word' id='word_1_246' title='bbox 1559 3395 1778 3455; x_wconf 85' lang='lat' dir='ltr'>habere</span> <span class='ocrx_word' id='word_1_247' title='bbox 1801 3394 2134 3475; x_wconf 63' lang='lat' dir='ltr'>pastorem?</span> 
     </span>
    </p>

    <p class='ocr_par' dir='ltr' id='par_1_9' title="bbox 302 3488 2454 3865">
     <span class='ocr_line' id='line_1_31' title="bbox 386 3488 2376 3571; baseline 0.002 -19"><span class='ocrx_word' id='word_1_248' title='bbox 386 3498 493 3552; x_wconf 79' lang='lat'>22.</span> <span class='ocrx_word' id='word_1_249' title='bbox 540 3488 663 3551; x_wconf 85' lang='lat' dir='ltr'>Sed</span> <span class='ocrx_word' id='word_1_250' title='bbox 700 3492 1016 3571; x_wconf 86' lang='lat' dir='ltr'>imperator</span> <span class='ocrx_word' id='word_1_251' title='bbox 1050 3490 1143 3550; x_wconf 87' lang='lat' dir='ltr'>his</span> <span class='ocrx_word' id='word_1_252' title='bbox 1168 3490 1531 3551; x_wconf 84' lang='lat' dir='ltr'>successibus</span> <span class='ocrx_word' id='word_1_253' title='bbox 1564 3491 1759 3562; x_wconf 72' lang='lat' dir='ltr'>laetus,</span> <span class='ocrx_word' id='word_1_254' title='bbox 1789 3500 1853 3551; x_wconf 88' lang='lat' dir='ltr'>et</span> <span class='ocrx_word' id='word_1_255' title='bbox 1885 3490 2058 3550; x_wconf 89' lang='lat' dir='ltr'>militi</span> <span class='ocrx_word' id='word_1_256' title='bbox 2079 3490 2212 3569; x_wconf 84' lang='lat' dir='ltr'>jam</span> <span class='ocrx_word' id='word_1_257' title='bbox 2234 3502 2376 3555; x_wconf 74' lang='lat' dir='ltr'>Oros.</span> 
     </span>
     <span class='ocr_line' id='line_1_32' title="bbox 302 3568 2454 3669; baseline -0.001 -21"><span class='ocrx_word' id='word_1_258' title='bbox 302 3587 521 3659; x_wconf 76' lang='lat' dir='ltr'>fidens,</span> <span class='ocrx_word' id='word_1_259' title='bbox 550 3588 815 3669; x_wconf 85' lang='lat' dir='ltr'>proxime</span> <span class='ocrx_word' id='word_1_260' title='bbox 849 3587 1054 3647; x_wconf 86' lang='lat' dir='ltr'>urbem</span> <span class='ocrx_word' id='word_1_261' title='bbox 1086 3584 1521 3648; x_wconf 71' lang='lat' dir='ltr'>Numantinum</span> <span class='ocrx_word' id='word_1_262' title='bbox 1554 3586 1848 3647; x_wconf 86' lang='lat' dir='ltr'>adducere</span> <span class='ocrx_word' id='word_1_263' title='bbox 1883 3588 2210 3648; x_wconf 85' lang='lat' dir='ltr'>exercitum</span> <span class='ocrx_word' id='word_1_264' title='bbox 2235 3568 2454 3635; x_wconf 54' lang='grc' dir='ltr'><strong>ΑΡΡΜ·</strong></span> 
     </span>
     <span class='ocr_line' id='line_1_33' title="bbox 308 3682 2340 3784; baseline 0 -41"><span class='ocrx_word' id='word_1_265' title='bbox 308 3685 595 3753; x_wconf 78' lang='lat' dir='ltr'>instituit3</span> <span class='ocrx_word' id='word_1_266' title='bbox 640 3682 997 3763; x_wconf 77' lang='lat' dir='ltr'>geminisque</span> <span class='ocrx_word' id='word_1_267' title='bbox 1020 3683 1229 3743; x_wconf 87' lang='lat' dir='ltr'>castris</span> <span class='ocrx_word' id='word_1_268' title='bbox 1262 3682 1579 3765; x_wconf 83' lang='lat' dir='ltr'>dispositis,</span> <span class='ocrx_word' id='word_1_269' title='bbox 1615 3684 1818 3744; x_wconf 87' lang='lat' dir='ltr'>alteris</span> <span class='ocrx_word' id='word_1_270' title='bbox 1839 3683 2080 3744; x_wconf 85' lang='lat' dir='ltr'>fratrem</span> <span class='ocrx_word' id='word_1_271' title='bbox 2116 3683 2204 3751; x_wconf 81' lang='lat' dir='ltr'>Q.</span> <span class='ocrx_word' id='word_1_272' title='bbox 2228 3732 2340 3784; x_wconf 54' lang='lat' dir='ltr'>nm,</span> 
     </span>
     <span class='ocr_line' id='line_1_34' title="bbox 310 3768 2449 3865; baseline 0.004 -26"><span class='ocrx_word' id='word_1_273' title='bbox 310 3780 569 3843; x_wconf 81' lang='lat' dir='ltr'>Fabium</span> <span class='ocrx_word' id='word_1_274' title='bbox 608 3780 897 3863; x_wconf 67' lang='lat' dir='ltr'>praefecit,</span> <span class='ocrx_word' id='word_1_275' title='bbox 924 3780 1119 3843; x_wconf 78' lang='lat' dir='ltr'>altera</span> <span class='ocrx_word' id='word_1_276' title='bbox 1152 3782 1410 3842; x_wconf 77' lang='lat' dir='ltr'>servavit</span> <span class='ocrx_word' id='word_1_277' title='bbox 1433 3781 1569 3841; x_wconf 69' lang='lat' dir='ltr'>sibi.</span> <span class='ocrx_word' id='word_1_278' title='bbox 1651 3779 2032 3854; x_wconf 77' lang='lat' dir='ltr'>Numantini,</span> <span class='ocrx_word' id='word_1_279' title='bbox 2057 3779 2208 3841; x_wconf 70' lang='lat' dir='ltr'>fiue-</span> <span class='ocrx_word' id='word_1_280' title='bbox 2235 3768 2449 3865; x_wconf 62' lang='lat' dir='ltr'>App’m.</span> 
     </span>
    </p>
   </div>
   <div class='ocr_carea' id='block_1_3' title="bbox 302 4027 2292 4419">
    <p class='ocr_par' dir='ltr' id='par_1_10' title="bbox 302 4027 2292 4419">
     <span class='ocr_line' id='line_1_35' title="bbox 367 4027 2292 4093; baseline -0.001 -13"><span class='ocrx_word' id='word_1_281' title='bbox 367 4028 394 4065; x_wconf 59' lang='grc' dir='ltr'><strong><em>Β</em></strong></span> <span class='ocrx_word' id='word_1_282' title='bbox 426 4030 534 4080; x_wconf 80' lang='lat' dir='ltr'>Per</span> <span class='ocrx_word' id='word_1_283' title='bbox 552 4028 763 4093; x_wconf 66' lang='lat' dir='ltr'>hyemem</span> <span class='ocrx_word' id='word_1_284' title='bbox 785 4033 833 4078; x_wconf 79' lang='lat' dir='ltr'>et</span> <span class='ocrx_word' id='word_1_285' title='bbox 864 4030 1077 4093; x_wconf 72' lang='lat' dir='ltr'>sequenti</span> <span class='ocrx_word' id='word_1_286' title='bbox 1110 4044 1218 4079; x_wconf 76' lang='lat' dir='ltr'>uere</span> <span class='ocrx_word' id='word_1_287' title='bbox 1289 4029 1490 4079; x_wconf 62' lang='lat' dir='ltr'>estatis</span> <span class='ocrx_word' id='word_1_288' title='bbox 1534 4034 1808 4093; x_wconf 78' lang='lat' dir='ltr'>totamque</span> <span class='ocrx_word' id='word_1_289' title='bbox 1847 4027 2104 4093; x_wconf 71' lang='lat' dir='ltr'>hyemem,</span> <span class='ocrx_word' id='word_1_290' title='bbox 2141 4044 2207 4079; x_wconf 86' lang='lat' dir='ltr'>ne</span> <span class='ocrx_word' id='word_1_291' title='bbox 2284 4078 2292 4086; x_wconf 72' lang='grc'><strong><em>,</em></strong></span> 
     </span>
     <span class='ocr_line' id='line_1_36' title="bbox 308 4093 2208 4159; baseline -0.001 -15"><span class='ocrx_word' id='word_1_292' title='bbox 308 4129 323 4144; x_wconf 89' lang='grc'><strong>.</strong></span> <span class='ocrx_word' id='word_1_293' title='bbox 347 4132 361 4145; x_wconf 92' lang='grc'><em>.</em></span> <span class='ocrx_word' id='word_1_294' title='bbox 384 4127 400 4143; x_wconf 91' lang='grc'><strong>.</strong></span> <span class='ocrx_word' id='word_1_295' title='bbox 422 4096 475 4143; x_wconf 74' lang='lat' dir='ltr'>is</span> <span class='ocrx_word' id='word_1_296' title='bbox 497 4096 695 4142; x_wconf 66' lang='lat' dir='ltr'>sunum</span> <span class='ocrx_word' id='word_1_297' title='bbox 715 4100 929 4143; x_wconf 63' lang='lat' dir='ltr'>enatem</span> <span class='ocrx_word' id='word_1_298' title='bbox 949 4093 1119 4158; x_wconf 70' lang='lat' dir='ltr'>usqne]</span> <span class='ocrx_word' id='word_1_299' title='bbox 1150 4094 1219 4143; x_wconf 85' lang='lat' dir='ltr'>Et</span> <span class='ocrx_word' id='word_1_300' title='bbox 1288 4102 1552 4145; x_wconf 76' lang='lat' dir='ltr'>attentata</span> <span class='ocrx_word' id='word_1_301' title='bbox 1574 4094 1782 4159; x_wconf 84' lang='lat' dir='ltr'>quidem</span> <span class='ocrx_word' id='word_1_302' title='bbox 1855 4108 2008 4157; x_wconf 69' lang='lat' dir='ltr'>mgna,</span> <span class='ocrx_word' id='word_1_303' title='bbox 2040 4101 2208 4144; x_wconf 80' lang='lat' dir='ltr'>trans-</span> 
     </span>
     <span class='ocr_line' id='line_1_37' title="bbox 302 4158 2206 4224; baseline 0 -15"><span class='ocrx_word' id='word_1_304' title='bbox 302 4161 391 4209; x_wconf 84' lang='lat' dir='ltr'>bic</span> <span class='ocrx_word' id='word_1_305' title='bbox 414 4172 624 4223; x_wconf 82' lang='lat' dir='ltr'>quoque</span> <span class='ocrx_word' id='word_1_306' title='bbox 659 4158 917 4209; x_wconf 79' lang='lat' dir='ltr'>credimus</span> <span class='ocrx_word' id='word_1_307' title='bbox 953 4172 1055 4207; x_wconf 86' lang='lat' dir='ltr'>non</span> <span class='ocrx_word' id='word_1_308' title='bbox 1092 4160 1218 4208; x_wconf 77' lang='lat' dir='ltr'>satis</span> <span class='ocrx_word' id='word_1_309' title='bbox 1288 4160 1528 4224; x_wconf 56' lang='lat' dir='ltr'>egisset!</span> <span class='ocrx_word' id='word_1_310' title='bbox 1616 4158 1683 4209; x_wconf 90' lang='lat' dir='ltr'>In</span> <span class='ocrx_word' id='word_1_311' title='bbox 1728 4158 1818 4223; x_wconf 83' lang='lat' dir='ltr'>qui</span> <span class='ocrx_word' id='word_1_312' title='bbox 1855 4171 1915 4208; x_wconf 83' lang='lat' dir='ltr'>us</span> <span class='ocrx_word' id='word_1_313' title='bbox 1965 4164 1981 4189; x_wconf 77' lang='lat'><em>⁶</em></span> <span class='ocrx_word' id='word_1_314' title='bbox 2073 4168 2206 4209; x_wconf 84' lang='lat' dir='ltr'>rtem</span> 
     </span>
     <span class='ocr_line' id='line_1_38' title="bbox 306 4222 2206 4289; baseline 0 -14"><span class='ocrx_word' id='word_1_315' title='bbox 306 4223 593 4275; x_wconf 79' lang='lat' dir='ltr'>attendisse</span> <span class='ocrx_word' id='word_1_316' title='bbox 633 4222 1061 4284; x_wconf 79' lang='lat' dir='ltr'>Freinshemium,</span> <span class='ocrx_word' id='word_1_317' title='bbox 1098 4224 1218 4285; x_wconf 81' lang='lat' dir='ltr'>quid</span> <span class='ocrx_word' id='word_1_318' title='bbox 1290 4222 1518 4275; x_wconf 68' lang='lat' dir='ltr'>estatin’</span> <span class='ocrx_word' id='word_1_319' title='bbox 1562 4222 1900 4285; x_wconf 69' lang='lat' dir='ltr'>intelligimus</span> <span class='ocrx_word' id='word_1_320' title='bbox 1952 4237 2010 4272; x_wconf 89' lang='lat' dir='ltr'>re</span> <span class='ocrx_word' id='word_1_321' title='bbox 2033 4223 2206 4289; x_wconf 78' lang='lat' dir='ltr'>iquum</span> 
     </span>
     <span class='ocr_line' id='line_1_39' title="bbox 307 4286 2206 4353; baseline 0 -14"><span class='ocrx_word' id='word_1_322' title='bbox 307 4298 494 4339; x_wconf 80' lang='lat' dir='ltr'>auctor</span> <span class='ocrx_word' id='word_1_323' title='bbox 517 4302 636 4336; x_wconf 79' lang='lat' dir='ltr'>suns</span> <span class='ocrx_word' id='word_1_324' title='bbox 654 4288 829 4338; x_wconf 81' lang='lat' dir='ltr'>vellet.</span> <span class='ocrx_word' id='word_1_325' title='bbox 910 4287 1089 4337; x_wconf 86' lang='lat' dir='ltr'>Orosii</span> <span class='ocrx_word' id='word_1_326' title='bbox 1109 4289 1221 4338; x_wconf 70' lang='lat' dir='ltr'>baec</span> <span class='ocrx_word' id='word_1_327' title='bbox 1291 4290 1408 4353; x_wconf 83' lang='lat' dir='ltr'>ejus</span> <span class='ocrx_word' id='word_1_328' title='bbox 1432 4288 1630 4337; x_wconf 66' lang='lat' dir='ltr'>estatis</span> <span class='ocrx_word' id='word_1_329' title='bbox 1655 4301 1755 4349; x_wconf 81' lang='lat' dir='ltr'>qna</span> <span class='ocrx_word' id='word_1_330' title='bbox 1777 4286 1957 4350; x_wconf 85' lang='lat' dir='ltr'>Scipio</span> <span class='ocrx_word' id='word_1_331' title='bbox 1989 4288 2042 4337; x_wconf 86' lang='lat' dir='ltr'>in</span> <span class='ocrx_word' id='word_1_332' title='bbox 2078 4288 2206 4340; x_wconf 81' lang='lat' dir='ltr'>His-</span> 
     </span>
     <span class='ocr_line' id='line_1_40' title="bbox 306 4352 1944 4419; baseline -0.002 -12"><span class='ocrx_word' id='word_1_333' title='bbox 306 4366 429 4407; x_wconf 77' lang='lat' dir='ltr'>sunt</span> <span class='ocrx_word' id='word_1_334' title='bbox 460 4355 657 4405; x_wconf 75' lang='lat' dir='ltr'>verba:</span> <span class='ocrx_word' id='word_1_335' title='bbox 712 4356 729 4383; x_wconf 91' lang='lat'>‘</span> <span class='ocrx_word' id='word_1_336' title='bbox 762 4354 831 4404; x_wconf 81' lang='lat' dir='ltr'>Et</span> <span class='ocrx_word' id='word_1_337' title='bbox 858 4361 975 4403; x_wconf 77' lang='lat' dir='ltr'>cum</span> <span class='ocrx_word' id='word_1_338' title='bbox 1019 4362 1223 4417; x_wconf 77' lang='lat' dir='ltr'>partem</span> <span class='ocrx_word' id='word_1_339' title='bbox 1293 4354 1500 4419; x_wconf 71' lang='lat' dir='ltr'>puniam</span> <span class='ocrx_word' id='word_1_340' title='bbox 1529 4360 1766 4403; x_wconf 77' lang='lat' dir='ltr'>venerat.</span> <span class='ocrx_word' id='word_1_341' title='bbox 1802 4352 1944 4404; x_wconf 81' lang='lat' dir='ltr'>cm.</span> 
     </span>
    </p>
   </div>
  </div>
 </body>
</html>
