3225 5242
766 1176 969 1242 Eutrop-

766 1242 910 1293 Oros.
932 1256 985 1293 v.
1000 1244 1053 1293 4.

798 1304 929 1356 Flor.
956 1306 1069 1357 Liv.

764 1370 903 1437 Epit.

796 1518 897 1569 Dio
918 1534 947 1567 a
987 1555 1002 1571 .

759 1583 903 1699 3:15.
923 1535 1020 1636 lyt-

759 1776 979 1844 Appian-

756 2438 863 2489 nv.
886 2438 1021 2505 Epi«.

788 2502 941 2553 Diod.
958 2520 1041 2571 ap.

756 2568 923 2619 valea.

756 2632 967 2701 Appian-

1706 486 1779 587 ‘ih
1827 539 2018 589 mvn

1096 681 1222 753 bat,
1266 682 1499 754 hausto,
1540 682 1919 747 interficiunt.
2018 682 2372 765 Egressique
2413 685 2646 746 nemine
2689 684 2998 759 sentiente,

1092 780 1257 861 quod
1292 781 1421 841 sine
1454 801 1603 842 voce
1651 790 1755 841 aut
1789 782 2034 862 strepitu
2074 780 2301 843 caedem
2348 782 2561 843 vulnus
2603 792 2994 865 opportunum

1076 888 1423 959 peregerat,
1449 879 1528 940 ad
1558 877 1901 961 Caepionem
1928 878 2343 958 transfugiunt,
2359 880 2634 961 exposito
2658 880 2823 943 facto
2849 900 2998 963 prae-

1074 975 1275 1035 ·mium
1314 984 1548 1037 navatae
1590 997 1784 1057 operte
1815 976 2197 1059 postulantes.
2281 976 2512 1059 Caepio,
2540 979 2833 1039 concessis
2867 998 3002 1059 quae

1092 1072 1379 1133 hactenus
1400 1074 1810 1145 obtinuioeent,
1855 1084 1872 1111 ‘
1900 1075 1978 1135 de
2011 1084 2210 1135 cetero
2249 1084 2488 1135 senatus
2529 1076 2836 1135 arbitrium
2877 1096 3002 1135 esse

1090 1174 1390 1251 oportere'
1414 1170 1751 1263 respondit:
1796 1182 1814 1208 ‘
1844 1173 2253 1253 imperatorem
2292 1173 2452 1233 enim
2493 1192 2530 1232 a
2559 1172 2850 1233 militibus
2883 1175 3004 1235 suis

1090 1268 1362 1342 interfici,
1390 1268 1686 1329 Romanis
1721 1290 2020 1350 nunquam
2055 1268 2390 1351 placuisse.'
2471 1268 2604 1331 Hic
2629 1268 2768 1335 finis
2795 1270 3002 1332 Viria-

1090 1366 1179 1427 thi
1204 1365 1351 1427 fuit:
1391 1368 1565 1448 cujus
1603 1368 1900 1428 interitum
1927 1386 2062 1427 cum
2089 1386 2331 1427 numero
2354 1374 2418 1427 et
2443 1366 2563 1428 fide
2589 1367 3004 1450 praeoellentes

1090 1475 1359 1525 auctores
1380 1465 1632 1525 consilio
1657 1464 1960 1546 Caepionis
1996 1464 2388 1546 ascripserint,
2403 1460 2562 1524 'alios
2598 1466 2768 1546 sequi
2809 1464 3000 1537 nolui,

1089 1562 1195 1641 qui
1228 1562 1523 1643 sequentis
1556 1562 1695 1625 anni
1730 1561 1956 1623 consuli
1979 1560 2254 1643 Popillio
2279 1561 2426 1623 facti
2451 1562 2628 1642 hujus
2653 1563 2998 1644 ambiguam

1087 1658 1325 1721 laudem
1349 1661 1851 1741 transcripserunt.

1166 1764 1269 1818 23.
1312 1757 1407 1818 At
1437 1759 1499 1817 in
1533 1759 1802 1819 exercitu
1830 1756 2113 1829 Viriathi,
2141 1775 2277 1817 cum
2305 1755 2496 1817 multa
2523 1756 2657 1837 jam
2685 1755 2820 1821 luce
2849 1779 2994 1821 non-

1083 1857 1229 1917 dum
1255 1855 1381 1917 dux
1406 1856 1857 1938 conspiceretur,
1885 1856 2074 1937 primo
2105 1874 2228 1915 rem
2255 1853 2550 1915 insolitam
2575 1874 2777 1916 omnes
2803 1857 2994 1917 admi-

1084 1954 1236 2014 rari:
1265 1974 1407 2015 mox
1432 1954 1671 2035 cognita
1693 1973 1876 2014 causa
1898 1954 2120 2033 gemitu
2147 1952 2430 2033 luctuque
2447 1951 2746 2034 complere
2771 1964 2993 2029 castra,

1083 2072 1239 2113 nunc
1284 2050 1446 2111 illius
1478 2048 1678 2111 dolere
1717 2052 1932 2121 vicem,
1969 2070 2124 2113 nunc
2151 2049 2412 2109 miserari
2438 2068 2625 2123 suam,
2669 2052 2890 2131 quibus
2929 2054 2990 2113 in

1082 2148 1193 2210 tali
1236 2148 1501 2231 periculo
1552 2156 1754 2209 tantus
1799 2147 2026 2209 invidia
2077 2146 2345 2207 Deorum
2392 2146 2629 2207 ablatus
2673 2148 2995 2229 imperator

1080 2256 1254 2308 esset.
1338 2247 1630 2326 Augebat
1652 2245 1916 2307 dolorem
1943 2264 2100 2306 nova
2124 2244 2339 2315 rabies,
2367 2242 2527 2325 quod
2547 2253 2818 2305 auctores
2841 2244 2992 2307 faci·

1078 2345 1238 2406 noris
1286 2342 1503 2405 frustra
1551 2343 2002 2424 requirentibus,
2055 2362 2129 2402 ne
2169 2341 2410 2403 ultionis
2447 2342 2685 2423 quidem
2720 2342 2992 2405 relictum

1078 2441 1355 2503 solatium
1390 2449 1538 2503 erat.
1623 2440 1806 2510 Quod
1847 2460 2026 2501 unum
2070 2448 2364 2521 poterant,
2398 2439 2658 2508 cadaver
2694 2440 2989 2502 interemti

1080 2540 1497 2621 pretiosissimo
1534 2559 1674 2600 cum
1715 2538 1878 2599 cultu
1921 2536 2160 2598 sublimi
2203 2558 2345 2621 rogo
2387 2538 2748 2620 impositum,
2787 2537 2992 2599 multis

1078 2656 1255 2717 super
1292 2636 1407 2698 hoc
1446 2637 1615 2697 caesis
1652 2637 1929 2707 victimis,
1974 2636 2435 2696 combusserunt.
2523 2634 2675 2696 Inde
2719 2636 2990 2718 peditum

1077 2735 1349 2795 cohortes
1388 2734 1769 2815 equitumque
1813 2733 1951 2804 alae,
1984 2733 2242 2793 barbaro
2281 2752 2443 2793 more
2481 2732 2690 2793 laudes
2722 2732 2990 2795 defuncti

1076 2830 1444 2892 celebrantes
1467 2832 1628 2891 circa
1652 2832 1890 2892 bustum
1913 2829 2338 2899 decurrebant:
2369 2850 2478 2891 nec
2503 2839 2643 2891 ante
2665 2830 2986 2892 discessum

1076 2936 1189 2999 est,
1217 2949 1395 3009 quam
1424 2930 1577 3008 ignis
1608 2949 1846 3010 prorsus
1867 2928 2326 3007 extingueretur.
2413 2928 2742 3007 Magnifico
2766 2928 2988 2989 deinde

992 3052 997 3057 ·
1076 3024 1308 3086 tumulo
1348 3026 1642 3086 cineribus
1687 3024 2027 3096 reconditis,
2078 3024 2339 3086 ducenta
2379 3024 2770 3103 gladiatorum
2817 3024 2990 3107 paria

751 3130 908 3183 Diod.

1078 3122 1387 3194 dederunt,
1434 3124 1714 3183 eximiam
1783 3122 1892 3183 viri
1959 3122 2237 3182 virtutem
2303 3122 2482 3182 enixo
2545 3122 2745 3183 studio
2799 3122 2984 3183 bono·-

1078 3230 1291 3281 rantes.

1160 3324 1260 3378 24.
1306 3318 1447 3377 Fuit
1488 3316 1645 3377 enim
1685 3316 1846 3377 haud
1887 3316 2066 3378 dubie
2101 3316 2254 3377 sicut
2277 3317 2336 3377 in
2363 3316 2649 3377 certando
2673 3314 2986 3378 fortissimo

1080 3415 1281 3486 militi,
1322 3416 1408 3475 sic
1454 3414 1516 3474 in
1556 3415 1926 3495 providendo
1969 3416 2349 3494 sagacissimo
2389 3414 2602 3493 cuique
2646 3414 2986 3495 imperatori

1079 3512 1525 3595 comparandus.
1614 3512 1917 3594 Quodque
1943 3513 2112 3573 bonis
2134 3513 2314 3572 etiam
2349 3512 2602 3572 ducibus
2641 3510 2804 3571 haud
2851 3532 2985 3593 per·

1080 3614 1324 3693 petuu'm
1348 3620 1459 3683 est,
1487 3620 1613 3672 toto
1633 3612 1860 3693 imperii
1883 3610 1974 3670 sui
1999 3620 2261 3691 tempore
2287 3608 2698 3669 benevolentia
2721 3608 2986 3669 omnium

1080 3707 1334 3769 militum
1360 3719 1424 3771 et
1455 3730 1654 3771 amore
1695 3708 1976 3789 singulari
2013 3728 2152 3768 usus
2193 3715 2322 3767 est:
2365 3726 2540 3787 quem
2563 3704 2986 3779 ‚moderatione

1080 3805 1499 3889 beneficiisque
1545 3808 1932 3886 provocabat,
1976 3804 2132 3867 virili
2177 3804 2396 3887 praedae
2431 3816 2601 3886 parte
2648 3810 2985 3872 contentus,

1079 3923 1217 3964 cum
1268 3924 1497 3985 semper
1545 3904 1843 3965 exercitus
1886 3904 2013 3987 ipse
2065 3900 2410 3985 ampliorem
2453 3921 2666 3983 capere
2696 3902 2981 3981 juberet;

1080 4009 1261 4081 atque
1284 4002 1423 4063 hinc
1448 4003 1631 4063 etiam
1651 4002 1840 4063 multa
1862 4000 2119 4083 praemiis
2143 4001 2506 4070 meritorum,
2533 4006 2639 4057 aut
2661 4000 2988 4059 necessita·

1076 4098 1237 4159 tibus
1269 4099 1507 4181 inopum
1530 4099 1871 4181 decerpens.
1955 4099 2192 4160 Proeter
2227 4096 2355 4157 baec
2379 4097 2500 4157 cibi
2530 4097 2772 4176 vinique
2797 4098 2985 4177 parsi-

1078 4196 1275 4255 monia
1298 4196 1425 4257 viro
1450 4196 1817 4258 incredibilis
1838 4195 2066 4258 fuerat:
2107 4216 2298 4277 neque
2331 4193 2468 4276 plus
2493 4202 2601 4254 aut
2622 4212 2850 4265 somno,
2879 4205 2986 4256 aut

1075 4294 1355 4373 cuiquam
1378 4296 1578 4375 generi
1611 4294 1984 4378 voluptatum
2009 4293 2377 4374 indulgebat.
2461 4292 2743 4359 Quantus
2781 4301 2982 4353 autem

1077 4391 1182 4453 ille
1229 4392 1317 4453 vir
1356 4392 1553 4464 fuerit,
1595 4412 1674 4453 ex
1723 4394 1862 4473 ipsis
1902 4413 2094 4465 terum
2145 4390 2503 4470 argumentis
2546 4396 2839 4470 promtum
2892 4400 2982 4452 est
