3225 5242
782 524 989 573 mmu
1046 524 1179 574 nn.
1224 522 1872 574 surrnsunnruu.
2278 505 2458 577 39⁹1

216 677 311 730 tor
350 665 585 740 fnisset,
632 667 683 728 is
716 669 1121 748 magistr-atum
1158 687 1343 750 nsque
1372 668 1453 730 ad
1484 663 1721 750 'ternpus
1755 667 2128 732 comitiorum

216 773 467 858 gemet.

292 869 353 924 ὁ.
398 861 599 943 Igitur
636 861 850 923 Diaeus
885 862 1053 934 belli,
1081 864 1252 942 cujus
1277 863 1497 943 primns
1523 869 1735 923 auctor
1761 863 1888 942 ipse
1910 860 2128 934 fuerat,
2151 863 2262 916 Ην.
2286 866 2422 934 Epir.

212 959 725 1021 adminisuatione
740 968 1036 1042 suscepta,
1060 959 1397 1041 pmidium
1429 959 1688 1038 Megara
1709 959 1892 1031 misit,
1914 957 1992 1019 ad
2017 959 2124 1018 ho·
2151 930 2366 986 Pam.

213 1058 441 1118 minum
480 1058 675 1120 millia
712 1067 986 1140 quatuor,
1024 1057 1361 1118 Alcamene
1390 1056 1567 1130 duce,
1593 1057 1700 1138 qui
1725 1056 2010 1118 videlicet
2043 1057 2124 1116 ir·-

210 1165 585 1237 rnmpentem
614 1156 932 1218 Metellum
958 1155 1333 1236 repellerent,
1354 1174 1533 1235 quem
1560 1153 1738 1216 modo
1755 1173 1892 1216 cum
1909 1153 2126 1215 floren-

210 1253 441 1314 thimo
462 1255 731 1316 exercitu
756 1263 971 1336 praetor
994 1252 1361 1314 Achaeorum
1386 1251 1690 1313 Critolaus
1705 1254 1992 1314 sustinere
2019 1272 2124 1314 ne-

212 1352 509 1432 quiverat.
591 1351 735 1434 Ipse
762 1351 967 1432 Argos
1006 1351 1327 1434 profectus,
1370 1345 1511 1412 inde
1562 1349 1766 1410 literas
1803 1349 1884 1412 ad
1923 1369 2129 1411 omnes
2149 1344 2324 1414 Polyb.

210 1449 476 1511 Achaim
498 1451 775 1512 civitates
794 1449 985 1522 dedit,
1012 1457 1031 1488 ⁶
1054 1458 1123 1510 nt
1154 1469 1233 1510 ex
1259 1448 1457 1510 vernis
1480 1447 1559 1508 ad
1592 1447 1785 1509 millia
1809 1447 2128 1510 duodecim

210 1548 556 1608 manumissi
595 1568 733 1609 cum
772 1548 949 1608 armis
991 1546 1348 1609 Corinthum
1398 1545 1805 1608 mitterentur.’
1889 1545 2127 1614 Quibus

210 1663 411 1704 verne
435 1644 519 1707 ad
544 1665 851 1706 numerum
874 1664 991 1706 non
1016 1654 1232 1716 essent,
1260 1664 1338 1705 ex
1366 1644 1501 1706 aliis
1522 1644 1836 1726 mancipiis
1849 1643 2126 1725 supplere

212 1742 581 1822 permissum.
664 1742 763 1803 Ea
802 1761 1041 1823 quoque
1074 1740 1391 1824 demi-iptio
1430 1739 1827 1820 inaequaliter,
1853 1750 1918 1800 et
1941 1741 2130 1820 magis

204 1847 273 1898 ut
292 1841 541 1920 pretori
564 1838 894 1920 placuerat,
910 1859 1089 1920 quam
1104 1859 1183 1900 ex
1202 1839 1421 1921 opibus
1433 1839 1768 1910 civitatum,
1781 1839 2122 1920 imperata!

210 1935 397 2002 Quod
425 1937 609 1998 etiam
648 1938 731 1998 ob
762 1937 927 1998 bella
967 1937 1419 1998 Lacedaemonia
1444 1937 1505 1996 in
1532 1956 1750 2015 magna
1770 1934 2124 1997 difficultate

209 2033 570 2111 pecuniaria
594 2033 679 2094 rei
698 2036 1042 2096 versabatur
1056 2032 1418 2116 respublica,
1440 2032 1840 2114 opulentiores
1859 2051 2127 2114 quosque

206 2129 369 2190 viros
390 2139 809 2212 matronasque
846 2131 1120 2214 privatim
1160 2149 1369 2192 aurum
1410 2139 1834 2211 argentumque
1857 2128 2126 2190 conferre

206 2227 425 2306 coegit.
513 2227 709 2290 Simul
732 2247 935 2290 omnes
960 2229 1063 2311 qui
1084 2237 1261 2290 oetate
1286 2227 1529 2289 militari
1553 2237 1750 2290 esent
1775 2247 1855 2288 ex
1882 2227 2128 2289 Achaia

208 2321 609 2404 Arcadiaqne
634 2323 990 2386 Corinthum
1016 2333 1274 2388 armatos
1294 2325 1611 2386 convenire
1627 2325 1828 2406 jussit.

286 2425 351 2480 6.
396 2419 527 2480 His
548 2422 821 2482 omnibus
842 2421 919 2482 de
942 2423 1137 2484 causis
1174 2422 1439 2482 maxima
1476 2441 1583 2503 per
1606 2422 1910 2482 Achaiam
1941 2424 2126 2503 trepi-

208 2512 401 2588 datio,
428 2518 841 2599 maximusque
864 2539 1001 2580 cum
1025 2518 1441 2601 desperatione
1456 2526 1650 2580 metus
1667 2527 1815 2578 erat.
1897 2516 2124 2599 Neque

210 2621 411 2674 men
452 2613 537 2674 ad
578 2635 725 2676 sana
764 2615 1012 2678 consilia
1052 2625 1325 2697 poterant
1368 2615 1632 2698 adjicere
1675 2616 1938 2676 animos:
1995 2615 2124 2686 sed,

204 2708 369 2790 qnod
395 2710 683 2792 perculsis
712 2711 895 2774 semel
932 2713 1227 2774 mentibus
1260 2715 1484 2784 evenit,
1521 2713 1852 2794 principum
1885 2731 2123 2772 suornm

202 2805 573 2868 dementiam
599 2808 968 2871 damnabant
988 2809 1164 2870 simul
1188 2819 1252 2871 et
1284 2811 1700 2890 sequebanmr.
1785 2809 1932 2870 Prae
1961 2819 2124 2870 cete-

204 2903 285 2962 ris
314 2903 605 2965 Eleorum
634 2905 1181 2987 Meneniorumque
1218 2916 1283 2968 et
1317 2907 1700 2968 Patrensium
1740 2903 1958 2966 flebilis
1995 2914 2126 2966 erat

202 2999 494 3062 conditio.
579 2999 687 3061 Illi
730 3010 891 3062 metu
934 3005 1387 3084 torquebantur,
1434 3023 1512 3063 ne
1556 3001 1638 3063 ad
1677 3021 1839 3064 mare
1873 3001 2126 3080 objectis

204 3097 569 3176 regionibns,
594 3099 847 3180 primn-
877 3099 1141 3160 consulis
1164 3099 1445 3160 Mummii
1488 3107 1626 3160 cum·
1661 3097 1850 3160 cla-e
1883 3098 2122 3159 venien·

202 3193 281 3252 (Β
304 3195 595 3275 impetum
618 3196 893 3277 excipere
916 3206 1283 3276 cogerentur.
1370 3196 1694 3257 Pati-enses
1715 3215 1852 3256 cum
1879 3195 2125 3256 circum·

194 3290 379 3368 ject‘n
400 3289 645 3372 oppidis
668 3299 915 3374 accepta
937 3292 1143 3355 clades
1166 3292 1449 3373 fregerat,
1482 3313 1699 3372 magna
1723 3301 1892 3374 parte
1904 3293 2122 3370 juven·

202 3387 347 3447 tntis
386 3388 453 3446 in
492 3387 699 3469 prailio
744 3391 993 3451 amima:
1048 3399 1337 3472 tantaque
1376 3389 1498 3450 illis
1540 3389 1689 3450 locis
1726 3389 2124 3450 consternatio

204 3481 342 3555 fuit,
368 3493 441 3544 nt
476 3484 649 3547 multi
684 3505 889 3548 necem
928 3487 1043 3548 sibi
1085 3488 1537 3559 consciscerent,
1564 3487 1628 3547 in
1668 3495 1880 3569 puteos
1913 3493 2020 3546 aut
2043 3489 2123 3544 ex'

201 3581 551 3662 praecipitiis
597 3580 971 3654 desilientes:
1042 3583 1245 3666 plures
1290 3583 1632 3646 desererent
1680 3583 1960 3664 patriam,
2003 3600 2122 3640 non

200 3677 354 3756 qnia
378 3678 487 3738 ubi
509 3679 697 3740 vitam
724 3681 913 3740 acturi
951 3693 1147 3741 essent
1186 3683 1423 3752 scirent,
1449 3679 1556 3742 sed
1596 3681 1743 3761 quia
1769 3678 1920 3738 scire
1953 3677 2120 3738 vide-

200 3773 423 3834 bantur
450 3773 513 3834 in
536 3771 735 3856 pat'ria
764 3797 829 3837 se
864 3796 983 3837 non
1018 3797 1191 3859 posse
1222 3778 1445 3838 vivere.
1529 3775 1720 3837 Erant
1749 3775 1854 3857 qui
1879 3772 1960 3834 ad
1983 3771 2119 3864 Ro-

200 3889 415 3930 uranos
454 3870 997 3952 proficiscebantur,
1038 3873 1145 3934 alii
1190 3873 1364 3946 alios,
1410 3883 1479 3934 ut
1516 3882 1788 3934 auctores
1835 3890 2117 3932 novarum

201 3985 423 4038 rerum,
444 3977 825 4030 accusantes:
886 3990 961 4032 ne
984 3971 1332 4052 propinquis
1354 3970 1597 4051 quidem
1623 3976 1903 4050 parcente
1929 3975 2114 4038 metu,

200 4081 551 4144 quanquam
576 4083 751 4126 nemo
770 4073 919 4138 erat,
944 4067 1049 4148 qui
1076 4066 1269 4129 adhuc
1310 4075 1417 4128 aut
1439 4067 1708 4147 exigeret
1730 4062 2112 4136 delationem,

200 4167 309 4218 aut
324 4161 715 4239 questionem
738 4170 1057 4224 exerceret.

764 4366 793 4412 1
830 4359 1094 4426 Inputat·
1113 4360 1236 4413 edd.
1256 4367 1377 4414 ante
1400 4362 1555 4413 Crev-
