3225 5242
567 1107 572 1114 ·
629 1089 680 1136 ⁷.

623 465 802 535 4384
993 557 1002 568 ,
1153 513 1165 524 ..
1593 485 1665 533 τ.
1718 485 1909 534 mvn
1958 539 1972 564 .

955 645 1112 688 anno
1139 625 1216 688 C.
1243 627 1448 689 Julius
1483 627 1692 690 Coesar
1724 628 2003 702 traditur,
2038 627 2387 712 reipublicae
2423 645 2604 709 quam
2634 647 2873 710 repere-

834 740 846 754 *
954 733 1068 797 rat,
1095 735 1157 787 et
1177 746 1365 806 aequae
1395 726 1689 788 libertatis
1712 748 1964 788 eversor.

661 823 846 876 Cic-de
1037 828 1139 883 44.
1183 821 1410 883 lisdem
1439 823 1781 884 consulibus
1816 823 1893 884 C.
1923 823 2216 884 Claudius
2242 825 2370 904 Ap.
2399 823 2471 883 F.
2500 821 2770 882 Pulcher
2792 842 2875 882 re-

629 891 936 1020 2532221212·
957 909 1096 980 dilis
1119 918 1342 980 curulis
1367 920 1625 999 insignes
1648 919 1821 980 ludos
1846 920 2011 992 fecit,
2034 930 2162 980 tum
2182 901 2439 1000 primum'
2461 920 2521 978 in
2543 919 2727 980 Circo
2750 919 2877 978 ele-

625 1021 756 1070 Plin.
769 1035 892 1073 vm.
957 1016 1206 1096 pbantis'
1221 1017 1641 1098 pugnantibus.
1726 1018 1947 1078 Cetera
1965 1037 2205 1098 quoque
2229 1015 2541 1097 splendide
2561 1025 2877 1097 apparata,

661 1149 772 1200 cic
782 1148 836 1198 m
957 1111 1178 1194 passim
1204 1114 1284 1173 ab
1311 1115 1516 1174 amicis
1541 1134 1614 1174 ac
1632 1115 1961 1196 hospitibus
1980 1112 2358 1174 commodato
2382 1113 2612 1183 sumtis,
2638 1131 2777 1192 quae
2796 1111 2879 1172 ad

631 1213 814 1268 vorm
795 1229 869 1266 m
885 1218 936 1266 8.
957 1207 1329 1270 instruendos
1385 1210 1797 1290 ornandosque
1854 1209 2032 1271 ludos
2082 1209 2457 1291 pertinerent.
2542 1209 2883 1268 Praxitelis

957 1313 1119 1366 certe
1146 1304 1527 1387 Cupidinem,
1560 1306 1929 1367 Mamertina
1958 1307 2173 1368 civitas
2212 1314 2276 1365 et
2309 1305 2609 1365 Heiorum
2642 1304 2880 1376 domus,

959 1421 1096 1482 quae
1125 1403 1260 1482 jam
1295 1402 1432 1462 inde
1464 1403 1544 1463 ab
1584 1401 1715 1484 Ap.
1745 1399 2018 1463 Caudice
2060 1403 2121 1462 in
2158 1389 2443 1463 clientela
2483 1401 2881 1463 Claudiorum

958 1508 1148 1572 erant,
1192 1507 1455 1581 tempore
1487 1499 1743 1560 muneris
1782 1501 1842 1559 in
1890 1498 2019 1560 foro
2058 1499 2503 1582 proponendum
2536 1498 2879 1560 commoda-

664 1591 1284 1656 val.Mu.1-unt,1d
1325 1615 1563 1676 quoque
1587 1595 1763 1656 solito
1788 1593 2263 1674 magnificentius
2281 1596 2531 1667 factum,
2560 1594 2723 1674 quod
2748 1615 2880 1654 sce·

635 1673 701 1708 ¹¹
720 1663 773 1708 ⁴
795 1662 846 1708 θ’
965 1711 1128 1764 nam,
1155 1711 1292 1773 quoe
1315 1701 1456 1752 ante
1481 1693 1686 1752 vacuis
1716 1693 1952 1772 pictura
1988 1691 2211 1753 tabulis
2250 1690 2413 1752 tendi
2450 1699 2747 1761 sueverat,
2772 1711 2881 1750 va-

631 1785 757 1836 Pliu·
771 1801 925 1834 ¹¹¹*
927 1786 1176 1848 ·rietate
1217 1788 1485 1849 colorum
1516 1787 1931 1859 adumbravit3
1972 1796 2099 1849 tam
2132 1786 2445 1869 spectabili
2490 1785 2767 1858 artificio,
2814 1797 2885 1846 ut

632 1857 684 1902 ⁴⁸
965 1883 1044 1948 ad
1071 1884 1403 1964 tegularum
1432 1885 1883 1946 similitudinem
1920 1886 2087 1947 corvi
2120 1885 2357 1967 decepti
2395 1884 2655 1963 imagine
2695 1882 2881 1944 advo-

962 1978 1176 2042 larent.

954 2107 962 2112 ·
1043 2083 1145 2138 45.
1188 2077 1314 2139 Sed
1339 2079 1466 2140 alia
1487 2009 1827 2158 diversique
1852 2077 2029 2158 longe
2064 2079 2295 2161 generis
2318 2077 2667 2160 spectacula
2690 2077 2882 2138 tribu·

957 2194 1170 2236 norum
1195 2173 1534 2246 discordiae,
1560 2185 1625 2237 et
1647 2175 1987 2257 praecipites
2020 2194 2398 2255 quocumque
2434 2174 2883 2256 impellerentur

965 2280 1182 2346 motus,
1211 2271 1541 2333 ediderunt.
1626 2272 1971 2332 Maximum
2006 2281 2307 2332 certamen
2354 2271 2501 2332 Sex.
2528 2271 2727 2330 Titius
2768 2289 2881 2330 ex·

651 2380 762 2433 Cic.
785 2380 924 2435 Brut.
961 2369 1276 2440 citaverat,
1301 2369 1482 2430 homo
1505 2368 1733 2448 loquax
1760 2379 1825 2428 et
1848 2369 1995 2428 satis
2028 2376 2261 2440 acutus,
2288 2367 2395 2428 sed
2420 2368 2529 2448 qui
2556 2367 2651 2429 Μ.
2678 2366 2881 2428 Anto-

634 2462 681 2497 ⁰·
695 2452 782 2498 ω·
964 2465 1064 2524 nio
1087 2465 1318 2528 consuli
1343 2467 1518 2528 rebus
1541 2466 1853 2526 omnibus'
1837 2487 2030 2547 impar
2055 2473 2230 2526 esset.
2299 2464 2494 2544 Cujus
2516 2464 2883 2545 eloquentis—

665 2575 728 2625 ci
729 2591 776 2627 c.
795 2574 858 2625 de
961 2563 1096 2623 simi
1120 2564 1233 2625 viri
1259 2583 1374 2625 non
1401 2564 1568 2623 seriis
1590 2563 1772 2624 modo
1791 2571 1853 2623 et
1864 2563 2167 2645 perpetuis
2188 2563 2541 2635 actionibus,
2566 2561 2674 2624 sed
2700 2562 2884 2622 etiam

637 2639 770 2692 ⁰¹²¹
751 2655 816 2690 ¹¹·
835 2643 918 2691 ¹¹·
925 2660 1245 2757 ‘brevibus
1276 2663 1678 2742 contortisque
1712 2661 2013 2740 ingeniose
2057 2660 2235 2722 dictis
2273 2661 2625 2741 vapulabat.
2710 2658 2885 2721 Nam

855 2709 1070 2818 ⁰6‘ubi
1106 2779 1170 2819 se
1205 2759 1353 2819 nibil
1392 2755 1676 2840 proficere
1713 2758 1946 2838 agendo
1968 2779 2105 2818 cum
2132 2757 2377 2839 populo,
2402 2776 2629 2837 suaque
2656 2757 2886 2820 monita

963 2856 1160 2936 sperni
1186 2857 1514 2928 sentiensff
1541 2854 1940 2916 Cassandram
1966 2876 2091 2916 esse
2109 2854 2442 2915 'dixissetz
2468 2854 2713 2936 excepit
2734 2873 2882 2914 con-

963 2951 1128 3026 sul,‘
1151 2951 1384 3013 Multos
1407 2973 1645 3034 possum
1670 2960 1805 3012 tuos
1831 2951 2063 3030 Ajaces
2090 2951 2299 3012 Oileos
2330 2950 2679 3012 nominare?

637 3068 743 3120 Jul.
765 3067 886 3122 Oba.
997 3101 1008 3114 .
1047 3055 1151 3112 46.
1193 3049 1512 3110 Postremo
1537 3069 1655 3109 non
1682 3048 2017 3108 hominibus
2040 3048 2243 3121 modo,
2274 3050 2443 3127 (nam
2466 3057 2531 3108 et
2564 3069 2605 3108 a
2636 3046 2884 3127 collegis

671 3167 924 3217 VaLMu.
967 3147 1458 3229 repugnabatur,)
1480 3146 1585 3206 sed
1630 3147 1813 3207 etiam
1838 3146 2052 3207 avibus
2091 3146 2327 3227 iniquis,
2356 3144 2545 3225 legem
2572 3145 2883 3224 agrariam,

638 3237 888 3348 331161*
966 3265 1148 3326 quam
1173 3245 1425 3317 ferebat,
1463 3245 1737 3304 omittere
1762 3253 2009 3305 coactus
2043 3252 2152 3304 est.
2240 3243 2405 3304 Dum
2430 3243 2588 3304 enim
2616 3244 2769 3304 inter
2794 3241 2885 3302 la-

967 3353 1154 3404 torem
1177 3351 1238 3402 et
1273 3341 1642 3402 adversarios
1670 3342 1993 3420 rogationis
2018 3342 2079 3400 in
2110 3342 2395 3402 concione
2420 3349 2720 3409 certatur:
2762 3339 2885 3400 duo

967 3440 1130 3501 corvi
1170 3441 1232 3500 in
1271 3439 1396 3499 alto
1429 3438 1725 3512 volantes,
1766 3441 1853 3499 ita
1886 3447 2323 3520 pugnaverunt,
2356 3447 2426 3499 ut
2448 3439 2651 3499 rostris
2674 3437 2883 3516 ungui-

967 3536 1196 3618 busque
1242 3535 1660 3596 lacerarentur.
1746 3535 1849 3596 Re
1890 3537 1969 3596 ad
2004 3557 2257 3616 augures
2292 3534 2504 3608 relata,
2540 3535 2882 3614 collegium,

675 3643 782 3696 Cic.
801 3642 864 3693 dn
971 3643 992 3671 ‘
1013 3633 1472 3721 sacrificandum
1497 3633 1802 3717 Apollini,
1830 3644 1893 3696 et
1916 3634 1991 3695 de
2018 3633 2149 3713 lege
2174 3633 2700 3716 supersedendum,
2702 3633 2721 3661 '
2746 3651 2883 3713 pro-

641 3707 823 3776 Legm
807 3710 946 3760 ”⁶¹²
971 3732 1290 3794 nuntiavit.

661 3836 818 3888 Diod.
837 3835 947 3887 Bel.
1052 3836 1154 3894 47.
1179 3829 1419 3890 Interea
1444 3827 1727 3918 reliquias
1742 3849 2043 3890 servorum
2070 3827 2487 3888 rebellantium
2516 3825 2631 3887 Μ’.
2660 3825 2885 3907 Aquil-

642 3917 910 4018 ¹33¹&-
971 3927 1088 3989 lius
1111 3925 1270 3987 ferro
1307 3926 1583 4006 fameque
1620 3926 1699 3986 ad
1725 3927 2109 4007 paucissimos
2148 3924 2395 4002 redegit.
2480 3923 2587 3984 Ne
2626 3925 2783 3984 enim
2821 3943 2887 3984 se

640 4037 725 4085 1⁹.
973 4023 1281 4097 dederent,
1309 4023 1388 4083 ad
1422 4033 1691 4085 extrema
1715 4025 1916 4084 omnia
1954 4021 2342 4105 perpetienda
2371 4029 2533 4082 metu
2565 4019 2884 4102 supplicio-

641 4099 712 4148 D'
713 4097 797 4149 ⁰⁶·
973 4141 1104 4182 rum
1142 4122 1619 4183 continebantur.
1702 4120 2022 4182 Postremo
2064 4139 2181 4178 non
2214 4118 2471 4199 amplius
2504 4117 2670 4177 mille
2694 4117 2895 4181 bomi-

639 4225 753 4278 Ῑὶτ.
773 4225 908 4294 Epit.
973 4237 1100 4290 nez,
1127 4238 1263 4280 cum
1291 4217 1444 4279 duce
1472 4216 1714 4327 Satyro,
1740 4214 2101 4291 deditionem
2127 4215 2413 4275 fecerunt.
2475 4213 2605 4274 Hic
2632 4213 2767 4273 finis
2793 4211 2880 4272 al-

643 4291 800 4343 Diod.
973 4314 1154 4377 terius
1177 4313 1322 4377 belli
1346 4313 1576 4378 servilis
1615 4315 1679 4376 in
1710 4312 1925 4376 Sicilia
1962 4312 2096 4388 fuit,
2128 4311 2335 4374 multis
2368 4311 2663 4392 utrimque
2692 4309 2881 4370 cladi·
