3225 5242
745 540 922 609 4218
1732 562 1805 613 τ.
1851 562 2039 612 mvn

1071 700 1200 774 tha,
1226 722 1346 765 non
1379 712 1518 767 ante
1543 700 1796 776 destitit,
1828 722 2011 786 quam
2050 700 2329 765 emulum
2360 722 2541 785 seque
2581 702 2873 785 perderet,
2908 714 2977 767 ut

1069 820 1180 863 suo
1201 802 1665 884 unumquodque
1690 801 1825 863 loco
1840 803 2195 863 narrabitur.

779 898 916 951 Plut.
1151 904 1254 959 23.
1293 897 1442 959 Non
1482 898 1951 981 pmtermiserim
1991 898 2289 979 geminam
2326 896 2443 959 boc
2476 916 2632 959 auno
2672 896 2753 959 C.
2792 896 2977 959 Marii

743 962 873 1016 ”⁸¹⁸
897 980 943 1039 ⁶.-
961 968 1013 1017 δ’
1069 994 1364 1075 repulsam
1409 996 1471 1055 in
1505 996 1789 1077 petitione
1824 994 2149 1067 aedilitatis,
2176 994 2335 1055 unde
2368 1004 2433 1055 et
2470 995 2705 1055 animus
2738 995 2874 1067 viri,
2914 1004 2977 1056 et

1070 1090 1312 1151 fortuna
1345 1092 1578 1174 plenius
1613 1100 2023 1171 cognoscatur.
2104 1090 2511 1155 candidatum
2542 1093 2803 1153 comitiis
2828 1092 2976 1153 aedi-

1071 1188 1216 1251 lium
1243 1189 1534 1251 curulium
1559 1188 1877 1271 professus,
1902 1208 2041 1251 cum
2066 1189 2281 1251 frasu-a
2302 1210 2367 1251 se
2393 1188 2503 1250 niti
2526 1188 2977 1251 animadvertis-

1071 1296 1183 1358 set,
1228 1296 1468 1368 repente
1518 1286 1815 1368 plebeiam
1861 1285 2211 1347 aedilitatem
2252 1295 2451 1367 petere
2490 1286 2763 1347 instituit.
2847 1285 2981 1347 Hic
3106 1340 3111 1343 .
3198 1284 3200 1307 '

739 1376 889 1493 Pfie·
911 1394 999 1445 pro
1073 1403 1308 1465 quoque
1330 1382 1619 1465 repulsus,
1640 1382 1851 1444 eadem
1870 1382 1991 1455 die,
2018 1382 2181 1463 quod
2200 1390 2377 1444 antea
2400 1382 2703 1445 acciderat
2728 1384 2979 1454 nemini,

743 1460 916 1559 ,ἐπ’
937 1460 984 1497 ⁰⁰
1073 1478 1372 1560 duplicem
1392 1479 1611 1561 Campi
1639 1488 1843 1541 notam
1866 1499 2072 1561 passus
2095 1487 2203 1539 est.
2246 1476 2528 1559 cujusvis
2548 1478 2794 1541 alterius
2814 1498 2981 1560 spem

779 1572 892 1626 V·¹·
912 1572 1048 1626 Mu.
1071 1574 1555 1658 alacritatemque
1575 1585 1701 1637 tam
1728 1577 1925 1655 gravis
1950 1575 2271 1655 ignominia
2292 1575 2583 1655 fregisset.
2646 1575 2725 1637 C.
2750 1576 2983 1636 Marius

743 1644 902 1751 {132⁰
1071 1676 1188 1736 hoc
1205 1674 1394 1755 magis
1415 1674 1705 1737 excitavit
1728 1674 2097 1756 intenditque
2128 1674 2415 1746 animum,
2436 1682 2507 1733 ut
2526 1672 2799 1745 honores,
2830 1692 2983 1753 qnos

1072 1792 1182 1833 nec
1216 1772 1486 1834 omittere
1527 1792 1633 1853 per
1674 1772 2079 1845 ambitionum,
2122 1791 2235 1833 nec
2268 1771 2537 1832 obtinere
2578 1791 2685 1852 per
2724 1771 2983 1851 gratiam

1071 1862 1326 1949 poterat,
1347 1870 1556 1936 labore
1581 1879 1645 1930 et
1666 1870 1887 1931 virtute
1911 1878 2311 1950 extorqueret.
2366 1868 2515 1929 Fine
2538 1868 2676 1929 anni
2698 1868 2787 1935 Q.
2809 1866 2985 1927 Mar-

742 1964 1046 2033 rustic-pit.
1070 1966 1200 2027 cius
1236 1966 1320 2033 Q.
1361 1965 1434 2027 F.
1473 1966 1558 2033 Q.
1595 1964 1687 2027 N.
1748 1964 1893 2031 Rex
1928 1964 2248 2047 proconsul
2292 1964 2369 2025 de
2406 1963 2723 2043 Liguribus
2764 1962 2985 2023 Stoenis

777 2064 941 2115 Επεὶ
1069 2064 1478 2145 triumphavit,
1536 2080 1650 2124 111.
1720 2062 1941 2125 Nonas
1988 2062 2369 2123 Decembres.
2456 2062 2669 2122 Idibus
2736 2059 2983 2131 deinde,

739 2128 952 2257 '1123'ng
953 2163 968 2179 '
1070 2160 1216 2242 quia
1238 2162 1300 2221 in
1327 2160 1645 2241 Liguribus
1668 2160 1895 2243 semina
1936 2158 2231 2220 bellorum
2272 2158 2473 2219 omnia
2514 2156 2747 2219 solicite
2780 2158 2985 2217 extin-

1069 2257 1308 2336 guenda
1343 2256 1724 2329 videbantur,
1763 2257 1848 2324 Q.
1876 2265 1939 2317 et
1976 2256 2073 2316 M.
2118 2254 2375 2315 Minucii
2421 2252 2598 2326 Rufi,
2638 2273 2777 2315 cum
2817 2255 2888 2313 in
2922 2274 2986 2313 re

1067 2356 1343 2435 prasenti
1367 2354 1638 2425 fuissent,
1666 2354 1817 2414 inter
1844 2352 2155 2414 Genuates
2176 2361 2241 2415 et
2260 2351 2590 2423 Veiturios,
2616 2351 2721 2431 qui
2750 2350 2827 2411 de
2850 2348 2985 2409 fini·

1067 2451 1180 2513 bus
1227 2450 1615 2524 dissidebant,
1662 2451 1882 2513 Romae
1932 2450 2291 2513 sententiam
2341 2470 2421 2511 ex
2470 2448 2987 2511 senatuconsulto

1067 2548 1369 2611 dixerunt.

1149 2654 1252 2707 24.
1293 2648 1480 2707 Anno
1499 2647 1773 2729 sequenti
1798 2646 1877 2706 C.
1898 2645 2165 2707 Licinius
2188 2644 2375 2719 Geta,
2400 2644 2637 2725 colleg-a
2662 2645 2751 2712 Q.
2780 2643 2987 2705 Fabio

743 2741 888 2855 ,23⁵0-
909 2757 998 2807 9¹⁰
1072 2742 1349 2806 Maximo
1391 2745 1661 2817 Eburno,
1708 2745 1813 2825 qui
1854 2752 2065 2805 contra
2102 2742 2443 2825 opinionem
2483 2742 2879 2824 plurimorum
2925 2742 2987 2800 in

807 2822 877 2857 η’·
901 2822 947 2857 ⁰⁸
965 2810 1049 2858 Π·
1069 2841 1353 2921 petitione
1402 2842 1494 2904 M.
1545 2842 1839 2903 Scaurum
1882 2849 2287 2923 superaverat,
2330 2839 2701 2902 consulatum
2746 2837 2987 2918 gemit?

773 2934 907 2986 Plut.
919 2936 1048 2987 Mu.
1069 2936 1235 2999 nulla
1271 2960 1334 3000 re
1359 2939 1731 3001 memorabili
1760 2938 1839 2999 ad
1870 2938 2095 3000 famam
2130 2938 2494 3020 posteritatis
2528 2937 2845 3015 insignem,
2870 2936 2987 2995 nisi

742 3015 789 3049 ‘⁶
813 3005 863 3049 ⁶⁰
1069 3035 1230 3116 quod
1271 3038 1329 3118 ej
1337 3058 1404 3097 us
1440 3037 1582 3097 anni
1605 3036 1883 3117 praetoria
1906 3036 2151 3097 comitia
2174 3034 2475 3117 judicium
2504 3034 2771 3099 ambitus
2796 3054 2987 3115 pepe-

1068 3142 1290 3205 rerunt,
1319 3134 1395 3195 0.
1425 3132 1625 3194 Mario
1648 3154 1792 3195 reo:
1834 3133 1939 3213 qui
1960 3152 2100 3194 cum
2126 3134 2231 3195 vix
2256 3142 2321 3193 et
2344 3152 2495 3212 tegre
2520 3138 2819 3213 postremo
2848 3132 2989 3193 loco

775 3228 890 3279 th·
908 3226 1046 3281 M⁸¹·
1068 3232 1432 3293 renuntiatus
1465 3240 1642 3303 esset,
1666 3230 1825 3292 haud
1860 3231 2053 3292 miuus
2088 3231 2311 3310 negotii
2350 3231 2411 3291 in
2446 3228 2759 3291 retinenda
2786 3229 2987 3291 salute

743 3296 892 3405 ἷιῖᾗῖ·
1067 3326 1300 3399 habuit,
1321 3348 1503 3409 quam
1529 3329 1592 3389 in
1628 3328 1955 3389 obtinendo
1990 3327 2339 3407 magistratu
2375 3326 2686 3387 habuerat.
2772 3324 2987 3408 Suspi-

1067 3422 1296 3483 cionem
1321 3423 1482 3483 haud
1507 3444 1727 3485 vanam
1760 3432 2113 3505 conspectus
2152 3424 2308 3485 intra
2342 3431 2517 3504 septa
2550 3421 2749 3483 Canii
2784 3420 2990 3485 Saba·

1065 3521 1233 3579 conis
1269 3540 1490 3593 servus,
1524 3522 1971 3603 permixtusque
2012 3520 2301 3599 suffragia
2346 3519 2691 3592 ferentibus,
2732 3518 2987 3591 fecerat,

1065 3636 1342 3697 maguam
1383 3619 1533 3678 inter
1559 3618 1865 3679 dominum
1902 3622 2035 3699 ejus
2065 3618 2455 3699 Mariumque
2486 3616 2989 3679 necessitudinem
3032 3670 3037 3677 .

1065 3732 1182 3776 non
1209 3716 1629 3793 ignorantibus.
1673 3716 1759 3777 Et
1781 3718 1975 3777 acrior
1996 3715 2225 3778 invidia
2252 3716 2647 3787 cooriebatur,
2672 3714 2848 3795 quusi
2864 3734 2991 3775 non

1064 3821 1295 3873 veteres
1319 3812 1496 3873 modo
1513 3813 1697 3893 leges,
1722 3813 1969 3891 sedsse
1990 3834 2228 3894 quoque
2255 3832 2445 3893 nuper
2460 3812 2617 3873 latas
2642 3812 2867 3894 primus
2888 3812 2987 3871 in-

1063 3907 1349 3989 fregisset.
1438 3910 1542 3971 Ita
1593 3932 1698 3993 per
1748 3911 1981 3991 aliquot
2024 3910 2154 3971 dies
2200 3910 2529 3991 periculose
2572 3912 2870 3991 jactatum,
2918 3916 2991 3969 et

1063 4006 1488 4087 propemodum
1513 4007 1915 4069 damnationis
1936 4016 2157 4079 certus,
2184 4016 2481 4088 postremo
2516 4007 2647 4088 pari
2682 4006 2987 4086 utrimque

1064 4102 1484 4163 sententiarum
1509 4124 1776 4176 numero,
1801 4104 1906 4166 vix
1926 4104 2233 4165 ambustus
2256 4105 2467 4167 evasit.

1144 4206 1246 4261 25.
1290 4200 1365 4262 In
1394 4223 1467 4262 eo
1481 4202 1715 4282 judicio
1740 4204 1906 4265 testis
1931 4204 1991 4263 in
2013 4222 2147 4263 eum
2162 4202 2383 4264 citatus
2401 4201 2479 4265 C.
2501 4200 2851 4263 Herennius
2866 4217 2984 4258 ex-

1654 4444 1685 4473 *
1718 4443 1788 4497 Α.
1808 4445 1877 4496 U.
1900 4444 1961 4495 C.
1984 4446 2101 4494 0⁸6·
2166 4443 2235 4495 Α.
2258 4444 2321 4493 C.
2348 4448 2463 4497 llo.
