3225 5242
760 563 971 614 usn·
1022 563 1192 614 mu.
1234 562 1884 614 surrentini-erun.
2273 545 2447 612 4029

200 711 359 780 tem,
404 713 473 765 et
510 721 591 766 ex
628 723 703 766 eo
744 703 1115 786 praemiorum
1146 705 1389 766 uberem
1428 704 1804 766 occasionem
1837 704 2118 776 habeant,

202 805 371 864 hunc
408 803 473 862 in
504 821 649 882 agro
680 811 918 883 pacato,
954 821 1179 883 paucos
1212 801 1525 865 rebellium
1560 802 1985 873 Macedonum,
2017 808 2122 861 aut

200 898 579 960 latrunculos
598 897 865 960 Thracas
884 909 1355 981 persequentem,
1382 919 1503 960 non
1528 899 1710 962 modo
1731 899 1994 981 copiam,
2014 897 2122 960 sed

204 1017 279 1056 ne
322 1017 497 1078 spem
532 995 777 1077 quidem
816 996 1035 1058 habere
1076 997 1321 1078 majoris
1358 995 1613 1076 alicnjns
1643 997 1748 1060 rei.
1831 995 1927 1058 At
1966 1015 2124 1057 nnnc

202 1094 411 1154 subito
436 1114 503 1154 se
528 1092 705 1155 offert
722 1094 813 1154 ita
834 1102 1242 1176 comparatum
1258 1111 1493 1172 agmen,
1510 1102 1579 1154 ut
1590 1091 1912 1155 multitudo
1935 1093 2122 1152 homi-

204 1211 353 1250 num
376 1190 637 1271 speciem
662 1211 993 1274 nomenque
1016 1191 1205 1274 praelii
1230 1193 1311 1253 sit
1334 1191 1601 1261 facttum
1629 1211 1812 1271 genus
1831 1210 2122 1252 armorum

201 1287 607 1368 militumque,
636 1287 715 1349 ad
740 1289 873 1349 haec
896 1289 1157 1352 conditio
1182 1289 1355 1350 ducis
1386 1297 1613 1350 certam
1646 1289 1819 1350 nobis
1841 1297 1904 1348 et
1927 1288 2122 1348 incru-

200 1393 407 1444 entam
433 1383 793 1466 polliceatur
816 1385 1145 1447 victoriam.

284 1487 393 1542 31.
438 1490 459 1518 ‘
490 1481 660 1549 Quid
710 1483 871 1543 enim
920 1491 1127 1543 contra
1172 1480 1561 1561 legionarium
1608 1482 1883 1553 militem,
1905 1523 1916 1534 -
1937 1481 2123 1543 lorica

200 1577 549 1659 clypeoque
583 1587 829 1651 mmm,
872 1579 995 1660 pilo
1036 1599 1109 1640 ac
1144 1577 1349 1659 gladio
1380 1580 1729 1651 terribilem,
1763 1588 1852 1642 tot
1888 1579 2124 1660 insuper

202 1675 523 1756 stipendiis
569 1677 919 1748 exercitum,
958 1695 1257 1738 servorum
1298 1676 1692 1754 agrestiumve
1735 1677 2124 1738 tuinultum-ia

204 1791 417 1832 manus
458 1774 665 1854 posit,
698 1771 881 1834 nullis
920 1771 1275 1834 militaribus
1304 1774 1481 1834 armis
1516 1774 1889 1854 legibusque,
1931 1793 2122 1854 neque

204 1889 477 1941 causam,
500 1889 695 1950 neque
716 1890 883 1952 spem
908 1869 1183 1931 idoneam
1212 1869 1293 1932 ad
1324 1870 1550 1931 bellum
1574 1871 1867 1932 afferens?
1951 1868 2119 1938 Quid

202 1976 406 2028 antem
433 1986 544 2027 rex
568 1967 675 2028 ille
698 1969 988 2038 scenicus,
1014 1987 1193 2049 quem
1224 1967 1405 2050 paulo
1438 1977 1577 2030 ante
1612 1977 1816 2028 natum
1851 1987 1980 2028 esse
2015 1989 2118 2028 ne-

202 2063 583 2124 sciebamus?
666 2063 825 2124 Sane
858 2084 1043 2146 nuper
1082 2065 1265 2126 etiam
1302 2065 1391 2126 sic
1417 2065 1700 2126 insanivit
1724 2064 2117 2126 Macedonia.

204 2159 328 2221 Sed
352 2171 488 2222 tum
514 2163 738 2241 majore
752 2161 989 2242 ingenio
1002 2172 1411 2244 apparatuque
1428 2163 1720 2223 instructa
1741 2171 1872 2223 erat
1885 2162 2116 2225 fabula.

206 2256 397 2318 Multi
422 2267 693 2338 potentes
720 2260 781 2320 in
814 2259 1119 2340 provincia
1156 2260 1290 2331 viri,
1322 2258 1593 2319 nonnulli
1624 2279 1860 2340 quoque
1879 2259 2118 2321 'externi

200 2375 387 2433 reges,
434 2355 749 2416 audaciam
774 2355 1061 2418 Andrisci
1084 2357 1243 2418 clam
1269 2355 1589 2438 palamque
1616 2356 1848 2435 magnis
1877 2357 2120 2420 auxiliis

200 2452 557 2514 fulciebant.
642 2451 741 2512 At
778 2451 901 2525 hic,
944 2462 1156 2534 praeter
1186 2455 1461 2514 miseram
1500 2472 1820 2532 egenorum
1853 2455 2112 2527 turbam,

200 2569 337 2628 quae
360 2567 487 2609 non
508 2557 637 2608 tam
654 2548 839 2630 ipsius
860 2551 1179 2630 promissis,
1196 2569 1377 2630 quam
1400 2548 1585 2611 taedio
1609 2551 1754 2611 vitae
1777 2547 1858 2610 ad
1883 2551 2112 2631 pericu·
2425 2551 2440 2588 ‘

201 2645 323 2706 lum
368 2653 671 2727 properat,
716 2665 827 2707 nec
864 2667 1031 2727 spem
1072 2667 1185 2709 nec
1216 2667 1339 2708 rem
1370 2665 1624 2728 usquam
1653 2647 1844 2708 ullam
1888 2649 2112 2710 habet:

202 2763 309 2804 nec
332 2743 485 2825 qnia
506 2743 819 2804 victoriam
858 2753 1077 2825 sperat,
1120 2744 1224 2805 sed
1259 2745 1403 2825 quia
1434 2743 1610 2806 aliter
1641 2744 1838 2805 facere
1861 2765 1978 2804 non
2004 2767 2112 2826 po-

198 2849 329 2912 test,
356 2839 441 2901 ad
462 2849 661 2901 castra
683 2849 883 2901 nostra
902 2842 1203 2914 succesit,
1220 2835 1477 2903 animam
1494 2842 1790 2923 supplicio
1813 2840 2104 2914 debitam,

202 2938 377 2998 rebus
396 2939 523 2998 suis
536 2937 886 3019 desperatis,
910 2937 1211 2999 lubentius
1232 2938 1411 3000 amis
1428 2939 1644 2999 nostris
1658 2938 1943 3000 daturus.’

278 3041 383 3096 82.
428 3033 589 3095 Onm
626 3034 843 3095 deinde
882 3033 1031 3119 quid
1068 3033 1201 3096 fieri
1233 3035 1423 3096 vellet.
1454 3034 1828 3108 ostendioeet,
1853 3044 1918 3098 et
1954 3037 2108 3098 inter
2132 3037 2302 3088 Vam-

201 3131 469 3194 tribunos
484 3139 553 3192 et
574 3131 891 3214 praefectos
914 3131 1051 3195 loca
1076 3133 1406 3213 militesque
1430 3141 1583 3193 esset
1602 3135 1878 3214 partitus,
1897 3131 2104 3194 admo—

202 3231 351 3300 nuit,
376 3238 397 3268 ⁶
420 3238 493 3290 ut
513 3229 681 3309 signo
705 3229 870 3303 dato,
894 3229 1218 3292 seeundum
1236 3250 1313 3291 ea
1330 3249 1467 3311 quae
1492 3231 1891 3312 proecepinet,
1911 3251 2106 3292 erum-

204 3335 413 3406 pes-ent
430 3325 471 3386 :'
510 3325 881 3408 addiditque,
923 3337 944 3364 ‘
960 3347 1025 3388 se
1058 3327 1333 3389 celeriter
1360 3327 1748 3408 disjecturmn
1783 3327 2002 3400 hostes,
2039 3339 2110 3388 ut

202 3422 495 3504 porcellos
512 3424 767 3506 scropha
787 3423 1045 3486 soleret!
1098 3423 1283 3492 Quod
1300 3444 1441 3486 cnm
1464 3425 1691 3486 factum
1713 3434 1889 3496 esset,
1915 3425 2104 3486 victo·-

202 3520 291 3579 ria
308 3519 527 3580 illustri
546 3529 741 3602 parta,
762 3541 885 3602 qua
900 3541 1041 3584 cum
1058 3523 1328 3583 exercitu
1348 3521 1902 3603 Pseudophilippus
1917 3541 2108 3582 caesus
2129 3533 2278 3584 Eune
2313 3571 2329 3586 .

199 3624 312 3687 est,
336 3615 605 3678 Licinius
629 3615 966 3699 Imperator
996 3631 1091 3680 est
1124 3617 1485 3700 appellatus,
1511 3618 1796 3699 quaestori
1821 3617 2104 3699 Scrophae
2127 3551 2388 3716 3:¹15?st

198 3721 649 3792 cognomentum
674 3714 869 3787 haesit,
889 3714 1054 3796 qnod
1074 3716 1295 3798 posteri
1314 3734 1552 3796 quoque
1578 3715 1967 3776 retinuerunt.

278 3815 384 3873 ³8.
428 3807 753 3873 Difficilius
785 3812 847 3872 in
880 3810 1197 3894 Hispaniis
1228 3809 1455 3872 bellum
1486 3819 1637 3882 erat,
1663 3811 1804 3872 hinc
1831 3809 2099 3871 Celtibe-

201 3907 301 3976 ris,
330 3905 471 3968 inde
492 3905 779 3969 Viriatho
808 3906 1119 3969 Romanos
1148 3906 1335 3969 duces
1371 3905 1804 3968 exercentibus.
1887 3904 2012 3965 Sed
2037 3915 2106 3965 nt

201 4001 483 4064 adversus
508 4001 853 4064 Viriathum
876 4001 1078 4064 dnbiae
1116 3995 1449 4064 Serviliana
1482 4023 1598 4075 res,
1631 4003 1718 4064 ita
1737 4001 1822 4069 Q.
1849 3999 2104 4062 Metello
2123 4011 2229 4062 Jul.
2249 4013 2370 4064 Oba.

202 4098 535 4179 Proconsuli
562 4117 857 4180 prospera
894 4095 1346 4180 magnificatque
1370 4098 1628 4160 fuerunt.
1711 4097 1830 4159 Vir
1868 4117 2006 4159 acer
2043 4105 2106 4157 et
2127 4077 2256 4129 Ποῖ·
2281 4081 2427 4132 ¹¹³7·

201 4197 459 4258 intentus
472 4201 510 4229 ¹·
546 4195 695 4256 nihil
737 4215 929 4277 neque
969 4195 1133 4279 apud
1170 4197 1368 4258 hostes
1408 4196 1872 4277 inexploratum,
1913 4213 2104 4276 neque

260 4379 299 4406 “
338 4373 431 4424 Vir
448 4388 561 4424 seer
579 4377 629 4424 et
650 4373 886 4440 iste-tus]
926 4373 1108 4425 Frein-
1190 4374 1340 4438 hujus
1352 4375 1421 4425 Q.
1446 4373 1652 4423 Metelli
1674 4387 1874 4427 vocem,
1895 4371 1962 4422 ab
1983 4384 2104 4424 auc·

201 4439 424 4489 themius
464 4441 549 4490 hic
593 4439 792 4495 omittit
828 4440 1111 4491 notabilem
1194 4447 1305 4492 tore
1323 4439 1391 4490 de
1405 4439 1515 4492 Vir.
1534 4439 1733 4490 Illustr.
1749 4445 2104 4489 memoratam.

3005 5019 3214 5210 L
