3225 5242
667 454 848 523 4208
1634 472 1706 521 τ.
1755 418 1951 521 nivii

670 612 814 725 Ji}
818 626 916 726 ιζ·
1004 620 1250 673 ceretur.
1337 610 1532 693 Igitur
1553 610 2011 675 damnationem.
2027 613 2263 685 timens,
2290 632 2367 673 ne
2401 610 2593 673 solum
2627 618 2911 686 verteret,

750 746 876 854 {on
1001 717 1218 780 sumto,
1243 718 1312 770 ut
1333 710 1738 773 existimatum
1762 719 1874 783 est,
1900 710 2316 773 cantharidum
2349 730 2605 783 veneno,
2628 710 2911 771 severita-

799 804 978 855 ‚Bm-
1001 814 1122 867 tem
1138 806 1418 887 judicum
1439 816 1769 889 spontaneo
1792 808 1961 870 exitu
1986 808 2297 889 praevenit.
2481 854 2489 862 .

678 876 752 936 ω’
773 885 820 919 ‘²‘
843 874 928 920 ²⁷
1085 910 1187 966 78.
1231 903 1363 965 Hic
1387 925 1576 965 annus
1602 904 1679 965 G.
1710 904 1900 967 Marii
1925 903 2242 987 Arpinatis
2264 924 2501 979 nomen,
2518 924 2781 985 eousque
2800 906 2913 965 hu-

681 998 830 1114 vvtg:
842 998 978 1051 Mu.
1003 1000 1166 1073 mile,
1187 1002 1526 1063 nobilibus'
1510 1022 1572 1063 ιιι
1596 1003 1903 1063 tribunatu
1928 1004 2079 1063 actis
2102 1000 2339 1063 extulit.
2414 1001 2625 1063 Homo
2648 1003 2831 1063 etiam
2851 1004 2917 1063 in

704 1128 798 1177 Plu
803 1136 838 1175 ι,
1004 1099 1332 1181 municipio
1349 1119 1458 1160 suo
1471 1099 1751 1160 exclusus
1769 1101 1848 1160 ab
1868 1100 2212 1172 honoribus,
2234 1098 2455 1159 Romae
2476 1098 2683 1180 petiit:
2710 1098 2917 1161 faven-

676 1191 862 1250 Mario
882 1206 928 1242 θ·
1003 1197 1278 1304 tibusque
1301 1195 1572 1257 Metellis
1589 1196 1957 1257 tribunatum
1984 1196 2235 1278 adeptus
2256 1205 2365 1257 est.
2432 1195 2667 1257 Erant·
2636 1216 2773 1275 Jam
2788 1204 2920 1258 tum

680 1261 762 1309 ¹⁴
1004 1289 1068 1348 in
1101 1290 1328 1368 juvene
1359 1289 1621 1370 spiritus,
1648 1288 1861 1370 quales
1898 1289 2073 1349 rebus
2106 1288 2377 1368 gerendis
2414 1298 2624 1369 postea
2658 1290 2921 1351 emicue-

1005 1396 1160 1447 runt.
1255 1384 1452 1467 Igitur
1492 1386 1858 1469 judiciorum
1910 1394 1973 1447 et
2024 1384 2243 1468 Campi
2296 1384 2609 1466 perfidiam
2652 1404 2921 1466 perosus,

1007 1503 1210 1563 quam,
1247 1482 1516 1565 pluribus
1554 1484 1616 1545 in
1650 1492 1966 1565 quaesturae
2002 1484 2455 1564 tribunatusque
2494 1484 2787 1565 petitione
2824 1502 2919 1542 re-

1008 1581 1213 1663 pulsis,
1237 1602 1376 1643 cum
1396 1579 1689 1642 industria
1712 1580 2060 1653 confideret,
2088 1580 2399 1642 adversam
2422 1589 2707 1653 senserat,
2730 1580 2923 1641 ambi·

713 1684 822 1735 Cic.
841 1686 904 1734 de
1009 1687 1138 1739 tum
1163 1686 1432 1740 coercere
1457 1678 1588 1759 lege
1618 1679 1993 1760 promulgata
2012 1678 2283 1739 instituit.
2371 1676 2449 1737 In
2472 1698 2548 1739 ea
2565 1697 2785 1739 novum
2808 1678 2925 1737 hoc

679 1749 800 1815 1⁴⁸⁸·
813 1754 984 1803 '¹¹³⁷'
1009 1786 1074 1838 et
1105 1776 1404 1856 singulare
1432 1774 1566 1849 fuit,
1594 1776 1759 1857 quod
1774 1785 1995 1858 pontes
2028 1774 2157 1836 fieri
2186 1774 2368 1854 jussit
2406 1775 2807 1855 angustiores:
2848 1793 2924 1833 ne

930 1929 936 1935 .
1009 1892 1146 1933 cum
1171 1871 1252 1933 ad
1277 1871 1561 1951 suffragia
1591 1874 1955 1945 transiretur,
1992 1872 2202 1953 inspici
2236 1870 2483 1945 tabulae,
2520 1873 2789 1951 rogarive
2820 1879 2929 1931 aut

979 1964 982 1969 ’
1011 1968 1301 2051 appellari
1334 1968 1598 2030 homines
1631 1968 1973 2030 clanculum
2002 1978 2259 2050 possent.

685 2093 818 2145 Plnt.
1093 2072 1195 2131 79.
1241 2064 1319 2126 Id
1353 2086 1490 2127 cum
1526 2066 1604 2128 ad
1642 2066 2023 2127 minuendam
2057 2066 2387 2148 principum
2428 2066 2755 2147 potentiam
2794 2086 2926 2147 per-

913 2208 918 2213 ·
1015 2163 1250 2235 tineret,
1281 2164 1352 2224 L.
1375 2162 1564 2225 Cotta
1585 2163 1829 2226 consule
1854 2165 2128 2225 hortante
2172 2164 2415 2235 Patres,
2440 2172 2504 2224 et
2528 2162 2718 2243 legem
2743 2164 2929 2244 impe-

1015 2258 1130 2321 diri
1164 2260 1415 2342 placuit,
1447 2269 1510 2321 et
1539 2260 1621 2321 ad
1658 2258 2022 2323 reddendam
2071 2261 2293 2341 incepti
2339 2260 2629 2320 rationem
2670 2258 2749 2319 O.
2790 2258 2928 2319 Ma-

1021 2358 1173 2417 rium
1201 2359 1262 2419 in
1288 2356 1536 2418 Curiam
1564 2358 1797 2417 arcessi.
1882 2356 2073 2420 Venit
2095 2357 2222 2428 ille,
2250 2375 2365 2417 non
2392 2364 2677 2436 tanquam
2701 2355 2937 2434 ignobi-

1019 2452 1094 2514 lis
1113 2463 1178 2514 et
1201 2452 1546 2515 adolescens
1570 2453 1806 2514 solicito
1832 2454 2055 2523 animo,
2082 2452 2189 2513 sed
2214 2454 2560 2535 imperiosus
2594 2462 2658 2513 et
2690 2453 2933 2512 minax:

1019 2549 1470 2629 consulemque,
1497 2551 1559 2611 ni
1589 2551 1943 2611 sententiam
1980 2557 2257 2621 mutaret,
2285 2552 2347 2610 in
2384 2570 2679 2611 carcerem
2718 2547 2937 2609 abduci

1005 2649 1312 2727 jussurum
1335 2646 1687 2707 denuntiat.'

1100 2749 1203 2807 80.
1247 2741 1477 2804 Consul
1504 2742 1651 2804 nihil
1676 2746 1934 2816 territus,
1962 2763 2167 2824 rogare
2192 2753 2463 2803 senatum
2488 2743 2715 2824 incipit.
2766 2798 2771 2805 ,
2802 2740 2941 2803 Me-

1021 2838 1224 2911 tellus,
1243 2841 1414 2920 cujus
1439 2840 1630 2922 prima
1653 2841 1946 2901 sententia
1962 2840 2181 2912 fuerat,
2202 2838 2712 2901 senatusconsulto
2730 2858 2946 2919 paren-

1021 2935 1162 2996 dum
1197 2956 1326 2997 esse
1359 2946 1582 2998 censet.
1666 2936 1822 2996 Tum
1850 2957 1993 2998 vero
2028 2935 2271 2997 consule
2310 2935 2576 3009 dimisso,
2614 2936 2774 2997 hunc
2812 2955 2947 3016 pre-

1022 3031 1202 3093 hendi
1253 3054 1360 3115 per
1399 3034 1689 3095 viatorem
1736 3032 1973 3095 Marius
2002 3034 2216 3113 jubet:
2262 3053 2452 3114 neque
2496 3032 2657 3115 prius
2694 3032 2949 3102 abstitit,

1023 3149 1160 3189 cum
1204 3128 1463 3191 Metello
1506 3140 1738 3191 ceteros
1784 3130 2048 3191 tribunos
2092 3129 2459 3212 appellante,
2503 3127 2733 3191 auxilio
2774 3148 2950 3189 nemo

1024 3234 1202 3297 esset,
1233 3246 1412 3305 quam
1437 3236 1649 3287 senatu
1674 3224 1927 3287 cedente
1954 3225 2145 3306 legem
2175 3226 2480 3309 perferret.

1108 3328 1212 3381 81.
1260 3320 1539 3403 Inclytus
1575 3324 1656 3384 ab
1687 3323 1803 3385 hoc
1840 3322 2001 3384 facto
2046 3322 2205 3404 apud
2239 3321 2679 3385 multitudinem
2718 3320 2953 3381 Marius

1027 3436 1191 3476 esse:
1235 3438 1371 3498 quae
1418 3439 1762 3501 oppressum
1808 3420 1888 3481 ab
1934 3440 1997 3480 se
2035 3417 2425 3493 Carbonem,¹¹
2458 3419 2767 3480 dimissum
2795 3416 2983 3497 opi--

1029 3512 1211 3573 mium
1255 3515 1580 3576 mirabatur
1619 3535 1692 3576 ac
1727 3514 1993 3577 dolebat.
2081 3524 2098 3550 ⁶
2132 3516 2391 3577 Patrum
2418 3516 2691 3577 nimirum
2727 3514 2955 3575 artibus

1031 3617 1210 3690 atque
1251 3610 1542 3672 clientelis
1578 3612 1881 3685 effectum,
1910 3622 1978 3674 ut
2002 3613 2184 3675 etiam
2226 3613 2287 3673 in
2333 3613 2542 3694 populi
2572 3610 2819 3693 judiciis
2848 3630 2951 3669 no-

1031 3726 1165 3767 men
1197 3710 1509 3789 potestatis
1546 3730 1728 3792 penes
1768 3712 1981 3792 ipsum,
2024 3712 2119 3773 vis
2152 3731 2225 3772 ac
2262 3711 2443 3773 robur
2478 3731 2663 3793 penes
2696 3708 2950 3791 optima-

1032 3812 1121 3864 tes
1144 3815 1316 3867 esset.
1376 3808 1783 3880 Auctoritate,
1802 3808 2015 3887 gratia,
2044 3809 2322 3890 pecunia,
2350 3807 2732 3891 plurimorum
2758 3806 2956 3868 studia

1035 3914 1366 3984 pervertere
1416 3905 1596 3967 facile
1648 3906 1789 3978 illis,
1830 3907 1941 3967 nisi
1984 3916 2194 3969 contra
2236 3908 2679 3989 corruptionum
2721 3903 2954 3966 fraudes

1036 4003 1283 4063 consilio
1335 4013 1401 4063 et
1451 4002 1704 4065 audacia
1736 4014 2045 4086 pugnetur.
2152 4004 2229 4065 In
2262 4005 2398 4076 hoc,
2443 4024 2687 4064 munere
2732 4002 2948 4072 Deum,
3048 4038 3055 4048 ·

1109 4218 1132 4253 ¹·
1171 4221 1454 4283 Oppressum
1491 4223 1550 4272 ab
1587 4238 1638 4271 se
1680 4220 1965 4285 carbonem]
2034 4221 2128 4272 sed
2162 4221 2301 4285 apud
2328 4219 2541 4285 judices
2560 4224 2837 4271 accusatus
2858 4225 2959 4269 esi.

1045 4282 1164 4333 Hoc
1220 4300 1284 4348 pn
1293 4300 1348 4333 ιιι
1319 4302 1400 4334 um
1447 4302 1578 4337 secu
1584 4296 1697 4337 rste
1742 4288 1961 4341 dictum.
2033 4286 2155 4338 vid.
2181 4290 2521 4352 suprsc.'1'1.
2558 4286 2703 4336 (ἶνιν.

1046 4348 1122 4399 c·
1125 4348 1222 4399 rbo
1243 4352 1378 4401 enim
1403 4366 1505 4403 non
1525 4354 1663 4417 apud
1697 4353 1963 4419 populum,
