3225 5242
802 1023 954 1076 Diod.
975 1040 1057 1091 ap.

779 1089 945 1140 vua.

675 1217 686 1226 ·
805 1203 964 1255 strab.
981 1219 1060 1255 xx·

719 1311 724 1318 .
773 1284 828 1335 p.
847 1274 965 1320 51⁶.
987 1271 990 1279 '

809 1399 940 1455 Plin-

779 1479 988 1515 xxxrrr.
1005 1467 1056 1515 l.

777 1691 896 1742 Dio.

807 1975 943 2026 Flor.
985 2034 999 2047 .

773 2040 962 2090 Ancon.
981 2050 1037 2085 ιιι

775 2105 943 2154 Scaur.

775 2167 910 2220 Flor.

807 2234 923 2284 Vel.
945 2233 1082 2286 nm

775 2313 862 2351 ιιι.
876 2303 927 2350 7.

777 2363 964 2416 Aaou.

777 2854 908 2906 Veli.
922 2869 986 2905 ιι.
997 2858 1078 2906 1⁸.

776 3050 960 3104 Ancon.

777 3339 913 3392 Veu.

1747 583 1816 633 Τ.
1864 582 2061 632 ΙιῙνΙῘ

1105 726 1167 786 in
1209 713 1508 786 tribunum
1549 726 1765 786 animis
1798 726 1985 787 ibant.
2070 723 2359 784 simultas
2400 741 2536 783 cum
2574 719 2863 803 Coepione
2890 723 3009 802 pri·

1104 823 1260 885 vatis
1281 830 1414 884 orta
1437 823 1635 884 causis
1657 823 1972 884 violentior
1990 830 2153 882 erat:
2196 818 2699 902 quemadmodum
2726 818 2894 879 nulla
2916 839 3009 880 so-

1105 919 1232 981 lent
1271 917 1574 982 infestiora
1599 941 1724 982 esse
1750 920 1915 993 odia,
1943 940 2125 1002 quam
2165 939 2303 1001 quae
2332 939 2411 980 ex
2450 937 2668 997 magns
2702 916 3013 978 familiari-

1105 1027 1230 1078 tate
1255 1026 1582 1100 coeperunt.
1666 1018 1763 1078 At
1780 1018 1989 1079 horum
2014 1026 2141 1078 tam
2168 1017 2378 1077 intima
2402 1014 2729 1097 aliquando
2752 1014 3015 1077 amicitia

1105 1113 1320 1188 fuerat,
1348 1125 1416 1176 ut
1439 1118 1590 1177 inter
1611 1137 1675 1176 se
1711 1116 2085 1177 matrimonia
2126 1123 2551 1197 permutarent.
2634 1113 2794 1181 Quae
2818 1133 2915 1173 res
2938 1114 3015 1173 sb

1104 1212 1438 1286 honestate,
1463 1232 1646 1294 quam
1688 1213 1949 1274 moribus
1989 1210 2287 1273 Romanis
2325 1211 2629 1282 remotior,
2664 1210 2856 1288 magis
2896 1208 3016 1270 sol-

1017 1367 1028 1382 ,
1104 1308 1316 1370 vendae
1331 1311 1645 1389 juvenum,
1672 1329 1853 1390 quem
1878 1308 2269 1388 ssu-ingendoe
2302 1307 2637 1369 coneordiae
2662 1305 2797 1367 fuit.
2882 1307 3015 1368 Ita-

1105 1425 1222 1485 que
1248 1425 1390 1466 mox
1415 1426 1627 1488 parum
1654 1406 1839 1486 digna
1876 1405 2199 1467 accedente
2224 1425 2407 1466 causa
2430 1403 2710 1477 dissiluit,
2742 1425 2883 1467 cum
2910 1425 3015 1466 an-

1101 1500 1311 1562 nulum
1355 1501 1508 1564 forte
1554 1501 1614 1562 in
1668 1502 1943 1562 auctione
1984 1501 2261 1564 venalem
2308 1502 2530 1562 insanis
2576 1501 2792 1561 studiis
2834 1501 3013 1564 simul

1103 1597 1493 1661 licitareutur.
1578 1600 1712 1661 Par
1734 1601 1971 1681 utrique
1996 1599 2275 1678 dignitas,
2302 1619 2475 1680 pares
2500 1599 2705 1670 animi,
2733 1599 3017 1680 potentiae

1101 1696 1424 1778 gloriaeque
1451 1697 1608 1758 idem
1635 1697 1895 1758 studium
1920 1717 1935 1758 :
1978 1705 2044 1758 et
2066 1706 2293 1778 quanto
2336 1715 2548 1776 genere
2580 1695 2933 1777 divitiisque
2958 1705 3019 1756 et

1101 1791 1466 1854 liberalitate
1495 1793 1733 1855 Drusus
1757 1794 2203 1866 antecedebat:¹
2230 1803 2397 1854 tanto
2422 1793 2556 1875 plus
2574 1793 2849 1854 audaciae
2874 1815 3015 1855 cou-

1103 1889 1482 1972 fidentioeque
1503 1889 1803 1972 Caepioni,
1830 1901 1892 1953 et
1918 1893 1977 1952 in
1998 1911 2187 1973 prava
2210 1891 2477 1952 facinora
2498 1890 2849 1952 calliditatis
2864 1901 3016 1953 erat.

1183 1995 1287 2052 24.
1345 1987 1472 2050 Sed
1513 1989 1677 2069 prior
1725 1988 1941 2070 Caepio
1982 1991 2205 2070 impetu
2256 1990 2317 2048 in
2365 1997 2634 2048 senatum
2672 1985 2861 2062 fecto,
2920 1989 3013 2051 M.

1105 2084 1398 2147 Scaurum
1427 2085 1907 2169 repetundarum,
1929 2086 2001 2148 L.
2024 2086 2379 2169 Philippum
2400 2086 2659 2148 ambitus
2676 2107 2809 2147 reos
2828 2086 3018 2150 facite

1106 2181 1444 2244 Absolutus
1469 2192 1669 2245 tamen
1696 2193 1943 2266 uterque
1968 2194 2095 2245 est:
2141 2183 2403 2245 Scaurus
2428 2203 2502 2244 eo
2530 2185 2833 2263 insignius,
2852 2184 3015 2266 quod

1103 2301 1242 2343 cum
1283 2291 1300 2318 ‘
1343 2282 1406 2342 in
1437 2281 1721 2343 Asiatica
1759 2283 2059 2362 legatione
2084 2302 2125 2343 a
2151 2281 2507 2343 Mithridate
2544 2281 2801 2362 aliisque
2837 2301 3015 2364 pecu-

1105 2377 1234 2438 nias
1280 2387 1490 2440 contra
1539 2377 1700 2459 leges
1750 2380 1973 2461 cepisse
1995 2381 2014 2409 ’
2054 2389 2429 2460 argumetum
2472 2380 2733 2441 vicissim
2784 2387 2849 2440 et
2892 2379 3015 2460 ipse

1105 2475 1433 2556 postulavit
1485 2476 1859 2560 cepionem,
1896 2486 2265 2560 acceptaque
2317 2478 2583 2539 breviore
2622 2478 2721 2539 die
2770 2477 3014 2557 inquisi-

1105 2573 1302 2646 tionis,
1340 2575 1544 2636 effecit
1579 2584 1649 2636 ut
1682 2575 1787 2636 ille
1824 2577 1985 2656 prior
2019 2575 2245 2637 diceret
2281 2596 2543 2636 causam.

1185 2677 1291 2732 25.
1353 2670 1557 2734 Paulo
1597 2681 1737 2734 ante
1768 2672 2155 2752 judiciariam
2191 2673 2377 2734 Drusi
2418 2670 2611 2752 legem
2654 2692 2731 2732 ea
2764 2672 3016 2732 actitata

1103 2769 1508 2828 maturitatem
1533 2769 1654 2849 legi
1674 2771 2019 2832 attulerunt.
2104 2771 2261 2832 Cum
2286 2773 2445 2832 enim
2468 2769 2601 2849 lege
2630 2768 2889 2832 Servilia
2912 2771 3013 2830 ob·

1103 2863 1376 2937 tinente}
1400 2865 1462 2928 in
1487 2867 1708 2928 multos
1731 2867 2087 2929 clarissimos
2112 2877 2294 2948 atque
2320 2850 2826 2928 innocentissimos
2860 2868 3015 2928 viros

1103 2962 1370 3040 equitum
1395 2962 1729 3043 petulantis
1754 2965 2113 3036 desaevisset,
2140 2985 2217 3026 ea
2250 2964 2329 3024 de
2366 2985 2428 3024 re
2462 2984 2571 3047 pro
2610 2964 2889 3025 libertate
2919 2964 3011 3027 in-

1103 3057 1262 3137 genii
1295 3060 1385 3118 sui
1411 3061 1722 3141 aetatisque
1748 3061 2089 3141 gravissime
2114 3070 2353 3143 questus
2399 3061 2683 3133 Scaurus,
2722 3071 2789 3121 et
2826 3061 3013 3122 tribu-

1103 3173 1244 3216 num
1289 3154 1484 3239 plebis
1523 3157 1619 3220 Μ.
1656 3157 1921 3220 Drusum
1966 3159 2043 3219 ad
2083 3159 2507 3220 commutanda
2535 3158 2776 3238 judicia
2810 3166 3013 3238 aperte

1103 3251 1450 3314 cohortatus
1472 3262 1580 3314 est.
1668 3253 1865 3336 quue
1892 3276 2032 3316 mox
2062 3276 2101 3315 a
2128 3255 2351 3327 Druso,
2390 3264 2459 3315 ut
2483 3254 2761 3316 Velleius
2795 3254 3009 3316 Pater-

1101 3349 1273 3409 culus
1302 3351 1568 3428 judicat,
1606 3351 1851 3412 meliore
1896 3353 2131 3431 ingenio
2172 3355 2511 3433 animoque,
2554 3373 2735 3432 quam
2778 3350 3013 3414 fortune

1103 3443 1461 3508 factitatum.
1531 3449 1733 3516 Quem
1760 3471 1872 3528 ego
1892 3448 2198 3510 Velleium
2222 3450 2497 3512 hocloco
2522 3470 2639 3511 non
2666 3447 2809 3510 fidei
2834 3469 3011 3543 causa

1167 3676 1192 3712 ¹¹
1229 3679 1424 3735 Quanto
1441 3693 1614 3742 genere
1636 3714 1649 3729 .
1667 3714 1681 3729 .
1696 3712 1711 3728 .
1732 3679 2021 3731 nnuman-
2094 3683 2365 3745 teliigatnr
2386 3683 2487 3731 hoc
2509 3695 2645 3732 anno
2660 3681 2959 3747 Philippum
2980 3698 3012 3731 a

1103 3743 1366 3808 taedebat]
1403 3743 1576 3794 Nimia
1592 3758 1709 3800 cuin
1735 3747 2022 3797 securitate
2094 3747 2343 3811 Caepione
2366 3755 2666 3797 acciisatum
2696 3763 2831 3796 esse.
2900 3749 3013 3798 Nee

1105 3807 1330 3857 Dionem
1349 3808 1600 3860 exscribit
1620 3810 2022 3861 Freinshemius.
2090 3827 2217 3862 sane
2247 3811 2361 3862 fieri
2400 3813 2593 3878 potnit,
2632 3821 2691 3862 ut
2732 3813 3009 3877 Philippus

1101 3872 1434 3922 Serviliorum
1479 3875 1786 3939 Capionum
1822 3873 2023 3926 familia
2093 3879 2272 3926 conoul
2300 3879 2365 3926 de
2395 3879 2593 3928 ambitu
2626 3891 2837 3928 censam
2874 3879 3011 3928 dice·

1101 3936 1421 3988 nobilissima
1437 3935 1869 4005 summultosque
1888 3955 2021 4004 prae-
2092 3951 2198 4006 ret,
2227 3944 2323 3992 nisi
2362 3942 2499 3994 forte
2536 3951 2805 4008 postquam
2844 3942 3013 4006 desig·

1103 4011 1262 4059 tores,
1303 4005 1564 4065 consules,
1603 4019 1846 4055 censores
1892 4008 2020 4056 tuie·
2092 4015 2248 4058 natus
2284 4017 2387 4065 est.
2429 4017 2709 4072 antequam
2744 4008 3011 4072 magistra·

1103 4075 1218 4117 rut:
1253 4081 1352 4118 uec
1370 4069 1473 4117 ulls
1495 4070 1628 4120 ratio
1651 4079 1749 4127 est,
1770 4085 1863 4120 cur
1885 4071 2022 4120 Livi·
2096 4080 2205 4124 tum
2233 4075 2409 4125 iniret.
2448 4075 2590 4122 Creo.

1103 4145 1254 4183 orum
1275 4132 1539 4185 nobilitati
1568 4136 1887 4186 concederet
1917 4135 2025 4186 fus·
2160 4135 2182 4172 ¹
2207 4137 2341 4202 Lege
2376 4139 2589 4189 Seruilia
2618 4137 2887 4202 obtinente]
2918 4137 3006 4188 In·

1103 4199 1863 4327 cetqgmmmitffrem
1894 4281 2028 4330 ψ
2098 4203 2297 4318 hewse?
2340 4203 2481 4319 q1'iod
2524 4203 2721 4318 ‹linesi-te
2747 4203 3009 4320 {stianit

1413 4297 1428 4314 .
1447 4297 1491 4314 ..
1578 4299 1592 4313 .
2149 4283 2357 4319 econius
2408 4286 2435 4319 e
2474 4285 2602 4319 ema
2652 4284 2763 4318 ervi
2804 4284 2836 4320 o
2924 4283 3011 4319 su·

1103 4328 1376 4384 ennam,
1413 4329 1475 4379 1..
1511 4331 1789 4394 Philippu
1822 4332 2028 4382 ambitus
2098 4333 2183 4383 cis
2216 4307 2378 4385 latenti
2404 4285 2475 4384 (Ιξ
2499 4335 2736 4398 pecuniis
2764 4341 3009 4399 repetun-

1105 4405 1212 4444 reu
1231 4391 1385 4458 secie]
1423 4395 1568 4444 Nihil
1586 4395 1786 4446 habent
1810 4407 1901 4446 snt
1924 4397 2024 4448 Aa·
2096 4399 2201 4463 dis,
2221 4401 2289 4450 de
2310 4415 2415 4468 qna
2438 4399 2545 4452 vid.
2566 4413 2723 4466 snpra
2738 4403 3005 4452 niumm.

1107 4457 1288 4508 conius
1332 4466 1425 4511 aut
1459 4460 1665 4526 Florus,
1701 4475 1769 4512 ex
1802 4477 1909 4529 qno
1946 4463 2023 4515 in·
2100 4466 2243 4516 Creo.
