3225 5242
819 592 1034 643 unm
1085 592 1254 645 Lxx.
1297 590 1947 645 surranum-rou.
2323 572 2501 643 ⁴185

273 744 489 809 tarent,
529 736 710 799 etiam
738 736 1070 800 AEduorum
1109 737 1366 819 querelae
1407 736 1739 799 Domitium
1774 744 2177 810 attraxerunt,
2202 732 2327 814 1²¹9?-
2344 750 2430 813 ¹¹¹5
2450 739 2503 789 ²·

272 856 404 915 quae
454 834 647 917 prima
697 843 862 897 trans
911 833 1110 917 Alpes
1159 836 1319 897 natio
1365 836 1709 897 societatem
1750 844 1813 896 et
1858 834 2181 896 amicitiam
2202 800 2504 919 Ῑξζηξρῗζ

272 931 618 995 Romanam
661 934 1036 1015 concupivit:
1079 933 1252 995 avide
1286 943 1350 994 et
1384 934 1594 995 nostris
1632 952 1835 994 ansam
1862 932 2181 994 distinendi
2204 946 2257 997 P·
2282 934 2393 985 1⁹²·

273 1029 518 1092 Gallias
553 1030 988 1114 arripientibus,
1025 1051 1274 1112 quarum
1317 1030 1718 1103 concordiam,
1756 1032 1988 1113 experti
2027 1029 2181 1090 fero-

273 1130 432 1189 ciam
461 1129 820 1209 singularum
845 1130 1172 1201 nationum,
1195 1129 1355 1191 haud
1381 1130 1598 1209 injuria
1621 1130 1983 1189 metuebant.
2028 1125 2183 1188 Cum
2238 1128 2419 1179 cem.

271 1226 451 1307 igitur
495 1247 722 1288 summa
759 1228 818 1287 in
855 1227 971 1287 hoc
1007 1226 1228 1309 populo
1266 1228 1590 1289 auctoritas
1625 1234 1801 1297 esset,
1828 1244 1951 1307 prae
1974 1226 2188 1287 ceteris
2208 1192 2337 1307 ἰὼ·
2358 1200 2465 1245 net

273 1324 548 1403 gentibus
590 1324 864 1386 omnibus
900 1324 1224 1387 honorifice
1261 1327 1340 1386 ab
1377 1324 1675 1387 Romanis
1710 1324 1920 1396 habiti,
1956 1323 2183 1385 multis·
2240 1324 2421 1385 Panes·

274 1440 390 1502 que
431 1420 954 1483 senatusconsultis
994 1430 1013 1459 ‘
1043 1422 1254 1484 fraces
1278 1442 1350 1485 ac
1375 1420 1795 1505 consanguinei
1820 1420 2027 1504 populi
2054 1418 2187 1481 Ro·-
2209 1388 2461 1503 522?thss

273 1519 470 1581 mani'
509 1528 648 1580 sunt
681 1519 991 1601 appellati.
2211 1534 2292 1637 {2¹5⁰
2315 1518 2446 1567 Anu.

355 1624 418 1682 ⁶⁷.
465 1618 608 1685 Quo
635 1618 902 1678 infestius
927 1638 966 1679 a
989 1618 1287 1697 gentibus,
1313 1636 1450 1698 quae
1485 1617 1635 1679 nihil
1662 1636 1831 1699 aeque
1860 1637 1931 1677 ac
1956 1614 2190 1677 Roma·
2280 1613 2297 1633 ⁸

277 1734 417 1775 num
443 1734 657 1776 nomen
689 1714 959 1787 oderant,
987 1717 1442 1797 premebantur:
1485 1715 1777 1777 Arvernis
1806 1715 1985 1776 etiam
2010 1734 2191 1775 aemu-
2246 1711 2427 1763 0³⁸⁸?-

277 1812 498 1873 latione
531 1814 898 1895 principatus
927 1812 1244 1875 smdiosius
1273 1814 1330 1873 in
1359 1813 1422 1874 id
1447 1813 1671 1874 bellum
1698 1812 2193 1875 incumbentibus.
2216 1776 2349 1830 ⁶⁸¹¹·
2372 1793 2410 1826 ¹⁸

280 1911 556 1978 Quorum
597 1920 779 1972 tantae
815 1932 920 1992 per
951 1911 1012 1973 id
1049 1920 1283 1993 tempus
1317 1932 1460 1994 opes
1493 1910 1753 1983 fuerunt,
1794 1918 1863 1971 ut
1882 1930 2059 1993 supra
2082 1909 2191 1971 du·
2256 1908 2415 1957 strab.
2446 1922 2519 1966 xv,
2644 1940 2651 1947 ·

278 2018 454 2068 centa
505 2018 866 2071 armatorum
918 2009 1114 2071 millia
1151 2010 1210 2070 in
1257 2011 1446 2071 aciem
1487 2019 1729 2092 possent
1760 2008 2045 2070 educere:
2088 2027 2193 2088 pe·-
2217 1990 2268 2041 ¹²⁰
2294 1976 2403 2024 ¹⁹¹⁹

279 2108 476 2167 cuniae
535 2107 622 2168 ita
670 2108 920 2205 copiosi,
963 2116 1030 2168 ut
1069 2108 1314 2169 Luerius
1359 2128 1466 2169 rex
1517 2128 1623 2189 per
1654 2126 1897 2189 campos
1927 2114 2195 2188 patentes

278 2214 564 2285 carpento
591 2206 880 2277 invectus,
923 2225 1191 2267 nummos
1218 2226 1429 2267 aureos
1467 2215 1530 2269 et
1567 2214 1875 2285 argenteos
1906 2202 2195 2282 colligen-

279 2299 388 2362 dos
429 2286 836 2384 popularibus,
877 2324 980 2385 per
1019 2304 1230 2365 luxum
1267 2313 1331 2364 et
1363 2302 1816 2365 ostentationem
1849 2301 2191 2383 opulentiae,
2217 2288 2418 2404 ἐξὲξ·
2438 2303 2521 2401 τε·

277 2400 592 2481 sparserit:
634 2409 803 2482 septo
837 2402 1052 2462 deinde
1085 2402 1378 2483 quadrato
1411 2402 1648 2473 effecto,
1672 2398 1835 2481 quod
1858 2418 2095 2460 omnem
2131 2400 2191 2461 in
2220 2424 2299 2473 1³.
2390 2388 2405 2405 ‘
2498 2386 2515 2403 ⁰

281 2508 510 2579 partem
545 2500 722 2580 spatii
755 2518 962 2579 passus
995 2499 1160 2561 mille
1200 2501 1552 2581 quingentos
1591 2498 2066 2579 amplecteretur,
2103 2496 2195 2557 la·-

276 2615 385 2656 cus
435 2596 494 2655 in
547 2616 620 2657 eo
663 2596 922 2677 pretiosa
959 2598 1202 2679 potione
1254 2598 1509 2679 repletos
1553 2596 1809 2667 dederit,
1855 2615 1989 2657 cum
2028 2605 2199 2658 tanta

281 2694 718 2755 esculentorum
743 2694 1134 2767 abundantia,
1163 2704 1232 2756 ut
1255 2696 1572 2778 unicuique
1605 2693 1829 2756 volenti
1854 2714 1957 2775 per
1982 2696 2201 2757 multos'

280 2788 408 2851 dies
443 2790 808 2852 comessandi
843 2794 1020 2874 copia
1044 2792 1237 2868 fieret,
1266 2794 1596 2856 astantibus
1626 2801 1909 2874 perpetuo
1948 2792 2053 2873 qui
2086 2794 2197 2853 mi·

281 2888 620 2949 nistrarent.

348 2993 424 3046 ·8.
471 2986 682 3067 Hujus
717 2988 878 3050 filius
910 2987 1178 3049 Bituitus
1209 2996 1338 3048 tum
1373 2986 1665 3051 Arvernis
1700 2990 2054 3071 imperabat,
2092 3006 2199 3075 pa-
2222 2995 2328 3050 Liv.
2350 2993 2487 3060 Epit-

281 3090 368 3143 tre
393 3104 504 3145 suo
529 3104 648 3147 nou
674 3087 908 3167 opibus,
937 3106 1054 3147 non
1077 3085 1273 3146 animo
1303 3085 1510 3149 minor.
1597 3086 1703 3147 Ita
1724 3106 1863 3147 cum
1896 3086 2036 3147 hinc
2078 3084 2198 3146 Al·
2224 3094 2355 3147 Flor.
2376 3096 2527 3143 ma.

279 3180 576 3262 lobroges,
603 3183 740 3243 inde
768 3183 1028 3244 Arverni
1056 3184 1294 3244 crebras
1321 3192 1383 3243 et
1414 3182 1653 3245 validas
1682 3184 1742 3244 in
1778 3203 1983 3263 agrum
2008 3182 2199 3245 AEdu-

279 3298 452 3341 orum
479 3282 838 3342 incursiones
861 3280 1152 3353 facerent,
1173 3280 1350 3342 villas
1372 3290 1697 3356 vastarent,
1724 3280 1949 3365 oppida
1972 3300 2200 3362 expug-
2224 3275 2369 3392 FCicr
2403 3288 2527 3391 92⁰²·

283 3387 518 3449 narent,
545 3379 846 3440 excitatus
879 3381 1172 3441 sociorum
1216 3380 1490 3461 precibus
1523 3379 1829 3441 Domitius
1871 3382 2201 3441 exercitum
2264 3350 2366 3391 ⁰⁰⁸
2381 3359 2427 3394 ⁰⁰

283 3474 504 3537 finibus
527 3475 929 3557 Allobrogum
961 3478 1258 3537 admovet.
1344 3474 1513 3538 Inter
1534 3478 1665 3539 haec
1694 3478 1763 3539 L.
1783 3478 2085 3560 Opimius,
2113 3476 2200 3543 Q.

285 3567 513 3633 Fabius
553 3573 865 3636 Maximus
907 3575 1218 3635 AEmiliani
1259 3574 1438 3647 filius,
1485 3576 1859 3637 consulatum
1893 3574 2201 3637 inierunt?

284 3669 432 3736 Quo
477 3692 636 3733 anno
677 3674 840 3733 circa
883 3671 1088 3733 Solem
1131 3693 1305 3733 arcus
1341 3674 1653 3755 apparuit:
1696 3674 1961 3735 maximo
1994 3672 2205 3754 optimi
2227 3672 2360 3724 Plin.
2380 3674 2530 3722 ¹¹39·

285 3768 412 3827 vini
459 3780 776 3849 proventu,
835 3770 993 3851 quod
1049 3769 1360 3851 Opimiani
1412 3772 1651 3832 nomine
1702 3771 2101 3843 nobilitatum,
2145 3772 2204 3832 in
2230 3771 2509 3847 vell-¹¹·7·

283 3864 504 3931 multos
529 3864 814 3949 deinceps
841 3888 1026 3928 annos
1051 3868 1390 3951 incorrupta
1416 3869 1685 3929 bonitate
1712 3869 1969 3931 duravit.
2228 3837 2391 3955 ffun-
2414 3850 2535 3886 ’‘¹'’

361 3968 424 4022 9.
471 3961 835 4025 Consulibus
859 3966 1181 4047 provinciae
1208 3964 1396 4027 Italia
1421 3976 1482 4027 et
1507 3966 1722 4027 Gallia
1741 3966 2031 4028 decretae:
2073 3966 2207 4027 haec

283 4059 530 4120 obvenit
573 4062 659 4130 Q.
710 4062 938 4124 Fabio:
985 4062 1230 4125 Italiam
1271 4064 1534 4125 obtinuit
1579 4064 1652 4125 L.
1674 4065 1993 4146 Opimius.
2088 4062 2204 4126 Cn.

287 4154 592 4217 Domitius
629 4161 960 4222 exercitum
1003 4182 1176 4222 suum
1221 4160 1621 4244 proconsulari
1668 4163 1915 4245 imperio
1959 4162 2205 4223 retinere

283 4252 544 4317 iubetur.
632 4255 774 4318 Nec
809 4258 968 4333 enim
1000 4260 1239 4321 avocari
1273 4280 1412 4321 eum
1449 4280 1486 4321 a
1523 4259 1853 4341 legionibus
1884 4262 2035 4322 ratio
2059 4260 2205 4321 belli

833 4456 859 4483 ·
894 4456 1278 4514 A.U.c.ss1.
1345 4460 1631 4525 A.-c.121.

426 4522 608 4588 velpa.
626 4528 675 4575 ee
695 4524 814 4581 Ver.
837 4534 969 4583 cu..
1295 4540 1486 4594 uvius.
2106 4524 2115 4533 ‘
2252 4545 2315 4595 12
2350 4539 2397 4590 Ο
