3225 5242
692 545 898 594 mam
958 544 1151 593 exn.
1197 542 1856 593 surrunnnnruu.
2204 524 2383 593 4220

174 688 332 749 Huic
353 687 720 769 praedictioni
734 686 972 749 detecta
989 706 1126 749 mox
1149 685 1490 747 Vestalium
1513 685 1745 765 flagitia
1764 682 1945 745 fidem
1968 682 2059 745 fe·

166 796 391 847 cerunt:
433 804 788 867 magnopere
813 784 1161 845 confirmata
1183 785 1538 845 anctoritate
1564 784 1729 856 artis,
1755 784 1929 863 eujus
1950 802 2055 842 va-

169 884 312 941 nitas
345 890 407 941 et
434 881 586 943 alias
626 902 804 963 saepe,
849 890 1140 963 et.nuper
1185 880 1280 942 M.
1310 880 1538 941 Scauro
1579 878 1847 951 consule,
1890 887 2059 941 taeta
2078 886 2205 937 Plin.
2226 887 2384 937 mu.

169 978 204 1037 J
208 980 410 1038 unonis
435 978 588 1051 aede,
615 978 980 1059 deprehensa
1005 978 1214 1037 fuerat.

239 1083 336 1137 56.
379 1076 535 1137 Cum
571 1076 646 1137 de
693 1076 1006 1157 provinciis
1046 1084 1338 1154 ageretur,
1381 1072 1555 1133 alteri
1598 1071 1907 1133 consulum
1950 1072 2055 1133 de-
2078 1081 2253 1133 Veu.1
2258 1085 2361 1133 1..s

164 1175 312 1235 cerni
362 1172 783 1234 Macedoniam
827 1172 1054 1254 placuit
1095 1173 1175 1233 ob
1218 1171 1542 1232 Thracicos
1583 1168 1892 1232 tumultus.
1976 1169 2055 1232 C.
2110 1178 2170 1227 Pl
2174 1187 2242 1228 ut.
2258 1178 2369 1228 Mar
2348 1194 2386 1227 r.

171 1270 394 1331 Marius
435 1292 514 1331 ex
557 1280 816 1351 praetura
852 1270 1218 1351 Hispaniam
1250 1268 1589 1330 ulteriorem
1630 1268 1893 1341 sortitus,
1922 1288 2055 1349 pro·
2078 1260 2123 1295 ⁶
2140 1248 2193 1295 ⁷·

166 1368 410 1428 vinciam
445 1388 484 1428 a
521 1367 842 1429 latrociniis
877 1368 1256 1449 repurgant·
1240 1411 1257 1426 .
1299 1386 1457 1447 quae,
1484 1364 1750 1427 nondum
1780 1366 1925 1425 satis
1948 1386 2057 1447 pa-

164 1474 290 1523 cata
309 1466 574 1542 gentium
599 1466 988 1537 immanitate,
1013 1474 1186 1525 extra
1207 1464 1533 1535 infamiam,
1553 1472 1619 1523 et
1630 1462 1787 1525 ultro
1804 1456 2061 1543 'gloriosa

165 1563 542 1623 ducebantur.
592 1563 761 1624 Nam
789 1563 1054 1625 Lusit-ni
1079 1581 1424 1643 quanquam
1451 1560 1733 1621 Viriatho
1750 1559 2063 1621 interfecto

165 1661 296 1719 satis
319 1659 550 1740 amplos
573 1660 654 1721 ad
687 1660 912 1721 cultum
945 1680 1118 1739 agros
1155 1666 1527 1739 acceperant,
1565 1659 1695 1719 sive
1736 1666 1915 1719 aucto
1949 1677 2057 1718 nu·
2118 1656 2325 1723 Appiam

165 1776 335 1828 mero,
363 1757 526 1838 quod
551 1759 696 1819 satis
719 1768 900 1819 antea
923 1758 1138 1829 fuerat,
1160 1756 1414 1837 amplius
1431 1774 1547 1816 non
1567 1754 1919 1827 sufficiebat,
1936 1756 2065 1816 sive
2080 1724 2212 1773 Ibe
2173 1739 2261 1789 '⁸¹’
2263 1728 2383 1775 2.u‘!

166 1854 312 1933 quod
337 1875 417 1914 ex
443 1864 614 1936 rapto
641 1876 821 1936 quam
867 1855 1170 1917 laboribus
1207 1854 1428 1925 vivere,
1457 1853 1914 1935 praeferocibm
1896 1874 2061 1934 inge·

165 1954 266 2011 niis
287 1950 520 2013 dulcius
537 1962 602 2015 et
627 1954 924 2013 honestius
947 1953 1282 2023 videbatur,
1309 1950 1572 2012 finitimis
1593 1950 1829 2012 molesti
1852 1960 2049 2012 erant:

237 2055 334 2110 57.
379 2048 524 2109 Hos
541 2050 721 2127 igitur
745 2050 808 2109 in
837 2050 1204 2110 deditionem
1230 2047 1457 2127 redegit
1483 2048 1739 2119 Marius,
1766 2067 1901 2109 cnm
1927 2050 2059 2107 exi·

167 2142 244 2203 les
267 2136 578 2207 Romanas
595 2146 802 2226 copias
818 2147 1082 2256 haberet,
1111 2144 1546 2208 Celtiberorum
1570 2166 1709 2205 uem
1730 2164 1932 2225 opera,
1953 2144 2059 2224 qui
2112 2153 2189 2203 Id
2212 2151 2281 2200 iib
2282 2150 2331 2200 d.

165 2250 362 2321 sponte
389 2241 477 2303 ad
499 2262 632 2303 eum
661 2262 740 2303 ex
783 2216 1124 2303 civitatibus
1157 2242 1278 2303 suis
1309 2240 1738 2303 confluxerant.
1822 2241 2063 2308 Quibus
2078 2234 2131 2285 Ρ·
2152 2222 2269 2270 ⁸¹²·

163 2335 365 2397 deinde
409 2338 474 2399 in
509 2340 812 2419 praemium
851 2348 1088 2401 navatae
1123 2358 1318 2419 operae
1365 2338 1534 2400 sedes
1571 2337 1735 2420 apud
1772 2336 2061 2419 oppidum

165 2435 384 2493 nomine
425 2434 759 2495 Colendum
801 2436 1072 2496 attribuit
1081 2456 1100 2504 ;
1144 2434 1526 2516 Romamque
1561 2456 1847 2507 reversus,
1872 2442 1941 2495 ut
1961 2454 2057 2493 ra-

163 2538 278 2589 tum
301 2532 536 2591 senatui
561 2532 896 2603 haberetur,
923 2532 1208 2613 perfecit:
1247 2552 1386 2591 cum
1413 2552 1534 2593 rem
1561 2534 1651 2592 ita
1672 2532 1965 2613 genuisset,
1990 2540 2058 2591 ut

163 2628 478 2705 majoribus
515 2628 694 2689 etiam
730 2630 1072 2701 honoribus,
1115 2648 1297 2711 quam
1315 2629 1676 2701 obtinuerat,
1710 2628 1925 2709 dignus
1966 2629 2057 2689 vi·

165 2723 407 2786 deretur.

236 2826 334 2881 58.
377 2819 504 2881 Sed
545 2830 856 2903 postquam
903 2822 982 2883 ad
1021 2842 1096 2883 ea
1119 2831 1388 2904 tempora
1413 2830 1762 2902 perventum
1786 2830 1897 2892 est,
1926 2822 2059 2901 qui-

165 2916 265 2975 bus
287 2918 344 2975 in
385 2916 756 2979 Macedonia
778 2918 1156 3001 Thraciaque
1193 2930 1258 2981 et
1291 2920 1502 2981 vicinis
1523 2920 1797 2998 gentibus
1818 2932 1975 2997 saepe
2000 2926 2063 2977 et
2138 2910 2157 2923 ”

165 3013 362 3073 acriter
387 3024 712 3095 pugnatum
740 3026 850 3087 est,
879 3017 1120 3079 minime
1152 3017 1232 3077 ab
1263 3016 1534 3075 instituto
1573 3014 1832 3075 alienum
1856 3012 2057 3086 suerit,

162 3110 326 3169 situm
353 3110 618 3182 illarum,
645 3120 728 3183 et,
755 3112 1250 3191 quemadmodum
1270 3111 1566 3173 hodiernis
1589 3110 1929 3172 nominibus
1951 3130 2059 3171 an-

165 3204 318 3285 tiqua
333 3206 746 3287 respondeant,
764 3218 1046 3289 tanquam
1063 3210 1122 3269 in
1139 3209 1364 3270 tabella
1377 3207 1703 3290 spectanda
1716 3226 2059 3288 proponere.

235 3309 333 3363 ⁵9.
377 3303 767 3375 Macedonia,
807 3325 990 3385 quam
1031 3304 1102 3366 L.
1132 3306 1412 3377 Paullus,
1459 3306 1651 3367 Perse
1686 3307 1872 3376 victo,
1907 3324 2055 3385 qua·
2114 3319 2220 3374 Ην.
2239 3335 2311 3369 xz.

163 3399 323 3457 tuor
307 3418 370 3457 ιιι
393 3400 662 3479 regiones
689 3400 1036 3475 divulserat,
1063 3422 1103 3464 a
1129 3402 1330 3463 Borea
1360 3402 1633 3465 Thraciae
1656 3402 2059 3482 conjungitur,
2082 3390 2165 3437 ²⁹·

163 3514 276 3573 qua
301 3494 536 3557 Nessus
555 3498 742 3558 amnis
769 3518 874 3579 per
889 3498 1315 3559 Abderitarum
1341 3497 1526 3559 fines
1511 3519 1574 3559 ιιι
1602 3498 1875 3577 AEgaeum
1900 3518 2117 3563 marev
2117 3450 2385 3580 &ffa-

163 3589 432 3652 decurrit.
517 3592 670 3653 Inde
701 3596 836 3673 jam
871 3604 1156 3657 terrarum
1184 3596 1546 3677 amplissima
1567 3596 1765 3677 spatia
1799 3594 2061 3655 Thraces

163 3694 379 3759 tenent,
429 3709 576 3770 quos
617 3710 656 3749 a
698 3690 938 3751 meridie
981 3712 1142 3752 mare
1183 3693 1346 3774 quod
1383 3692 1644 3753 diximus
1686 3689 1938 3762 claudit,
1980 3690 2061 3751 ad

166 3782 586 3845 Chersonesum
625 3806 834 3867 usque,
858 3788 956 3847 cui
1001 3788 1179 3850 hodie
1222 3789 1546 3850 Brachium
1589 3788 1654 3849 S.
1678 3787 1928 3866 Georgii
1956 3806 2059 3847 no-

165 3898 286 3939 men
313 3882 392 3942 ab
417 3880 593 3949 Italis
615 3892 704 3943 est
727 3884 1080 3965 impositum.
1167 3884 1321 3948 Inde
1348 3888 1426 3947 ab
1450 3894 1579 3947 ortu
1597 3884 1925 3965 Propontis
1949 3893 2057 3955 est,
2086 3893 2165 3942 Vs
2167 3894 2245 3941 dia

169 3976 526 4059 Byzantium
551 3982 869 4061 pertinens,
903 3982 1008 4043 diu
1055 3982 1320 4045 Romani
1361 3983 1614 4066 imperii,
1642 4000 1795 4041 nune
1820 3980 2056 4041 Turcici
2114 3960 2158 4007 P
2160 3970 2209 4007 t
2182 3959 2323 4073 1¹1³*

165 4076 516 4157 praeeipuam
536 4077 758 4149 sedem,
801 4078 904 4138 ubi
939 4078 1218 4163 deinceps
1255 4080 1494 4141 Pontus
1531 4078 1805 4139 Euxinus
1828 4078 2057 4159 incipit,
2086 4041 2169 4073 m·
2257 4055 2273 4073 ⁶

167 4171 236 4231 ab
261 4173 490 4233 oriente
519 4174 570 4233 is
593 4194 828 4253 quoque
853 4172 1172 4236 Thraciam
1213 4176 1460 4237 alluens.
1547 4174 1695 4236 Hoc
1722 4175 1879 4235 latus
1922 4174 2058 4233 Me-

165 4270 412 4329 sembria
429 4268 586 4339 finit,
615 4270 770 4329 haud
799 4271 1002 4351 procul
1017 4274 1204 4353 jugis,
1232 4294 1368 4355 quoe
1391 4294 1526 4335 cum
1545 4272 1773 4335 Haemo
1790 4270 2055 4333 continu·
2116 4286 2269 4336 strab.
2292 4304 2389 4337 vn.

171 4374 356 4437 antur,
384 4376 448 4426 et
473 4368 534 4427 in
558 4368 1000 4447 septemtriones
1023 4380 1290 4449 vergunt.
2082 4368 2134 4419 P·
2155 4356 2267 4403 ³¹⁹·
