3225 5242
785 567 962 636 4422

1761 589 1835 637 Τ.
1878 585 2069 636 lell

1112 729 1252 793 cula
1289 750 1544 806 sumens,
1571 740 1814 792 auctore
1850 729 2037 792 Curia
2078 731 2137 790 in
2176 730 2409 812 plebem
2452 730 2739 802 liberalis,
2782 751 3021 792 concor-

1111 828 1274 889 diam
1327 827 1623 901 ordinum,
1691 829 2055 910 superiorum
2104 824 2433 910 temporum
2484 828 2711 908 injuriis
2758 827 3025 909 odiisque

1113 924 1564 999 labefactatam,
1593 945 1751 986 nova
1775 923 2195 986 beneficiorum
2230 925 2563 1006 amorisque
2595 924 2911 987 dulcedine
2936 947 3023 986 re·

1113 1021 1364 1084 foveret.

1194 1127 1296 1182 13.
1341 1129 1360 1159 ‘
1385 1118 1570 1188 Quod
1597 1120 1776 1200 igitur
1804 1121 1995 1204 patris
2025 1121 2388 1181 sermonibus
2410 1119 2807 1202 exemploque
2830 1123 3024 1182 consi-

1113 1216 1260 1278 lium
1303 1216 1679 1280 utilissimum
1712 1216 1997 1278 sanandae
2032 1217 2376 1299 reipublicae
2408 1237 2535 1278 esse
2570 1215 2780 1289 didici,
2810 1217 2871 1277 id
2910 1217 3023 1279 hoc

1113 1314 1372 1376 maxime
1397 1324 1662 1396 tempore
1680 1313 1845 1394 sequi
1869 1321 2103 1375 certum
2130 1321 2245 1384 est,
2274 1313 2562 1381 Quirites.
2631 1313 2777 1380 Quo
2802 1313 2863 1372 in
2890 1335 3024 1396 pro-

1115 1411 1310 1492 posito
1342 1412 1596 1494 primum
1634 1410 1847 1473 orandi
1882 1409 2027 1470 mihi
2065 1418 2203 1470 sunt
2236 1409 2347 1471 Dii
2374 1409 2759 1482 immortales,
2783 1418 2853 1469 ut
2886 1411 3027 1471 huic

1113 1509 1338 1592 populo
1363 1511 1584 1571 bonam
1619 1518 1877 1571 mentem
1908 1507 2115 1578 duint;
2160 1507 2381 1568 deinde
2414 1509 2705 1580 homines,
2730 1517 3027 1588 quotquot

1111 1616 1218 1670 aut
1247 1609 1388 1688 jure
1431 1607 1696 1668 civitatis
1734 1606 1915 1685 hujus
1952 1613 2221 1679 utuntur,
2254 1614 2361 1666 aut
2399 1607 2553 1666 inter
2589 1605 2783 1667 socios
2826 1606 3023 1666 latini

1115 1705 1368 1766 nominis
1416 1705 1614 1766 locum
1660 1705 1906 1775 babent,
1953 1713 2023 1764 ut
2044 1709 2068 1745 ³
2114 1705 2517 1784 unusquisque
2563 1711 2881 1763 contentus
2931 1705 3024 1764 his

1109 1802 1303 1873 bonis,
1327 1823 1464 1884 quae
1491 1801 1941 1884 opulentissima
1964 1801 2225 1862 omnium
2250 1799 2586 1882 respublica
2608 1801 2869 1862 tribuere
2904 1803 3023 1861 sin-

1109 1898 1286 1978 gulis,
1310 1900 1480 1961 salvo
1512 1908 1669 1961 statu
1706 1919 1835 1972 suo,
1867 1907 2083 1981 potest,
2116 1899 2400 1960 ulteriora
2432 1918 2551 1959 non
2590 1907 2861 1980 appetat,
2888 1899 3025 1959 aliis

1111 2015 1228 2056 non
1265 1997 1552 2072 invideat,
1577 1997 1810 2058 senatui
1842 2005 2113 2058 constare
2144 1998 2555 2058 auctoritatem
2578 2016 2772 2068 suam,
2799 1998 3022 2080 populo

1109 2092 1444 2156 libertatem
1480 2073 1649 2158 vdua
1736 2094 1835 2156 Ea
1866 2115 1962 2155 res
1995 2095 2147 2155 bene
2187 2095 2502 2156 observata
2534 2093 2773 2166 efficiet,
2816 2106 2887 2156 ut
2918 2096 3021 2178 qui

1109 2192 1462 2275 populorum
1495 2195 1761 2257 omnium
1797 2192 2182 2274 potentissimi
2212 2211 2412 2254 sumus
2442 2191 2730 2266 Romani,
2756 2193 2939 2254 iidem
2962 2203 3024 2254 et

1105 2291 1522 2372 sapientissimi
1549 2311 1623 2352 ac
1642 2290 1968 2352 felicissimi
1993 2291 2339 2351 habeamur.

1193 2393 1292 2449 14.
1335 2397 1352 2425 ‘
1376 2388 1500 2451 Sed
1536 2390 1684 2471 quia
1717 2388 1895 2450 simul
1935 2389 2139 2449 omnia
2171 2407 2285 2448 uec
2321 2389 2603 2448 attentari
2636 2387 2885 2461 debent,
2912 2409 3020 2451 nec

1107 2484 1360 2545 obtineri
1397 2494 1675 2566 possunt3
1735 2484 1897 2567 quod
1933 2485 2085 2546 bene
2110 2492 2328 2556 vertat,
2356 2485 2417 2544 in
2442 2485 2643 2545 animo
2664 2493 2760 2544 est
2782 2485 2863 2546 ad
2886 2505 3019 2546 eam

1108 2582 1269 2662 p‘rius
1291 2582 1552 2644 civitatis
1589 2590 1820 2664 partem
1854 2581 2170 2664 respicere,
2196 2601 2333 2662 quae
2368 2582 2632 2643 maxima
2670 2585 3018 2646 necessitate

1105 2680 1407 2759 premitur.
1490 2678 1661 2740 Nam
1688 2688 1889 2740 cetera
1925 2680 2159 2740 tametsi
2178 2679 2551 2762 praetermitti
2580 2699 2697 2740 non
2722 2691 3017 2762 oporteat,

1100 2774 1326 2836 differri
1352 2785 1552 2837 tamen
1588 2775 1803 2836 minori
1842 2775 2219 2838 incommodo
2260 2784 2525 2856 possunt.
2607 2775 2705 2837 At
2741 2797 3013 2857 magnam

1103 2871 1297 2956 plebis
1335 2872 1633 2934 Romanae
1678 2881 1931 2956 partem,
1968 2873 2031 2934 in
2071 2873 2164 2934 his
2196 2871 2459 2934 florentis
2502 2873 2733 2954 imperii
2780 2875 3013 2956 opibus,

1103 2991 1218 3032 non
1244 2971 1464 3033 habere
1495 2971 1653 3031 unde
1679 2970 1971 3035 familiam
1998 2970 2167 3041 alatz
2216 2970 2279 3030 id
2308 2970 2575 3052 profecto
2596 2970 2853 3032 tolerare
2884 2972 3011 3033 diu-

1101 3069 1240 3140 tius,
1269 3066 1614 3149 pudendum
1654 3068 1731 3130 ad
1768 3068 2012 3141 famam,
2040 3088 2104 3129 re
2138 3087 2364 3130 saevum
2401 3077 2583 3150 atque
2608 3068 3011 3142 inhumanum,

1099 3164 1437 3226 concordiae
1477 3165 1785 3246 quietique
1828 3164 2223 3246 periculosum
2270 3173 2451 3246 atque
2496 3164 2800 3226 inimicum
2844 3167 3011 3228 foret.

1091 3261 1298 3340 'Igitur
1321 3262 1585 3341 agrarias
1615 3260 2145 3343 frumentariasque
2172 3261 2334 3342 leges
2366 3260 2777 3343 promulgabo,
2806 3273 3014 3339 non—ut

1102 3377 1320 3418 novum
1371 3357 1619 3439 aliquod
1672 3355 2024 3420 beneficium
2075 3359 2333 3441 populus
2376 3357 2688 3420 Romanus
2730 3361 3010 3442 accipiat,

1100 3455 1204 3514 sed
1246 3475 1320 3516 ne
1347 3465 1550 3515 careat
1575 3475 1649 3514 eo
1685 3455 1846 3535 quod
1870 3454 2013 3516 olim
2040 3457 2095 3516 ei
2124 3454 2440 3516 multorum
2476 3456 2883 3535 rogationibus
2905 3457 3011 3518 da-

1099 3561 1226 3612 tum
1251 3561 1359 3612 est.
1444 3552 1684 3619 Quibus
1718 3554 1948 3614 artibus
1975 3574 2080 3635 per
2104 3574 2306 3614 omnes
2329 3555 2439 3616 hos
2458 3573 2641 3616 anuos
2664 3554 2893 3616 fructus
2911 3575 3010 3615 ea-

1099 3669 1226 3708 rum
1252 3646 1448 3728 legum
1475 3659 1709 3730 ereptus
1733 3650 1904 3711 vobis
1941 3650 2041 3722 sit,
2068 3649 2359 3722 Quirites,
2397 3651 2563 3730 queri
2592 3650 2741 3711 nibil
2776 3651 3007 3712 attinet.

1099 3743 1243 3806 Nec
1282 3745 1462 3818 enim,
1490 3753 1558 3804 ut
1590 3764 1933 3826 quenquam
1968 3747 2047 3806 ob
2084 3747 2413 3826 praeteritas
2457 3747 2701 3826 injurias
2743 3746 3006 3819 oderitis,

1096 3840 1201 3902 sed
1227 3849 1296 3902 ut
1317 3850 1558 3923 recepto
1570 3843 1713 3921 jure
1738 3851 1935 3904 vestro
1958 3843 2220 3924 quietem
2238 3851 2301 3902 et
2318 3843 2593 3904 habeatis
2616 3849 2679 3904 et
2702 3844 3005 3924 praestetis,

1099 3948 1308 4000 auctor
1335 3958 1488 3998 sum.

1182 4040 1281 4095 15.
1345 4043 1362 4071 ‘
1387 4033 1612 4114 Neque
1662 4055 1807 4095 vero
1858 4032 2257 4116 locupletibus
2307 4033 2620 4116 displicere
2666 4055 2762 4096 res
2806 4035 3003 4096 debet.

1099 4129 1501 4191 Misereantur
1527 4131 1723 4213 potius
1748 4132 1969 4192 civium
1994 4151 2253 4204 suorum,
2280 4152 2429 4213 quos
2452 4141 2588 4213 post
2610 4133 2891 4213 repetitas
2914 4141 3002 4193 to-

1097 4227 1209 4286 ties
1230 4226 1411 4306 leges‚
1442 4235 1575 4309 post
1598 4227 1919 4288 divisiones
1938 4248 2232 4309 agrorum,
2254 4229 2313 4288 in
2334 4229 2545 4290 eadem
2564 4239 2824 4310 egestate
2854 4249 3003 4290 nunc

1571 4431 1608 4478 3
1645 4428 1712 4478 Et
1735 4441 1833 4494 pro
1854 4433 1910 4478 st
1932 4427 2205 4493 legebatur
2228 4441 2351 4480 aute
2376 4428 2539 4486 Crev.
