3225 5242
774 543 989 593 nunu
1038 543 1223 592 LXV.
1266 544 1912 595 sosannim-run.
2283 526 2457 597 42⁷⁷

226 684 393 746 baud
418 686 727 767 pauciores
762 686 1027 765 triginta,
1058 686 1262 749 occisi.
1346 685 1658 759 Numidae,
1686 687 1790 767 qui
1813 706 1980 767 spem
2003 706 2131 749 om-

226 802 365 841 nem
406 802 525 843 nou
564 784 627 843 in
662 800 773 843 sua
794 783 1037 854 virtute,
1072 782 1179 843 sed
1213 782 1434 845 ferocia
1468 792 1529 843 et
1562 784 1770 843 robore
1793 782 2130 845 belluarum

224 879 555 951 habebant,
582 879 656 939 iis
679 878 1112 950 circumventis,
1140 880 1202 939 in
1228 880 1411 961 pedes
1434 901 1497 941 se
1522 882 1924 959 conjecerunt.

311 982 413 1036 12.
455 974 727 1038 Rutilius
770 975 992 1055 sugatis
1040 976 1325 1049 hostibus,
1370 975 1445 1037 de
1492 978 1868 1058 imperatore,
1911 984 1976 1037 et
2023 976 2128 1057 qui

222 1073 391 1155 apud
431 1093 567 1134 eum
602 1081 1021 1144 remanserant,
1067 1074 1304 1145 auxius,
1344 1093 1688 1155 quanquam
1727 1073 1910 1133 fessos
1951 1094 2132 1155 opere

222 1180 551 1231 castrorum
584 1180 649 1231 et
674 1170 879 1252 praelio
914 1171 1153 1243 milites,
1185 1170 1397 1233 eadem
1436 1190 1557 1251 qua
1596 1180 1839 1232 venerat
1873 1172 1993 1243 via,
2037 1192 2128 1231 re-

222 1266 421 1327 duxit.
506 1266 639 1328 Res
674 1268 898 1349 optime
936 1268 1198 1347 cogitata
1234 1266 1658 1349 propemodum
1691 1267 1916 1329 tristem
1951 1288 2128 1329 even-

224 1371 359 1423 tum
408 1364 641 1426 habuit.
724 1364 1091 1427 oecurrente
1144 1364 1421 1437 Metello,
1472 1385 1611 1426 cum
1661 1386 1768 1447 per
1818 1365 2128 1426 obscuram

222 1470 465 1521 noctem
502 1462 795 1543 utrimque
822 1461 1119 1541 Jugurtha
1158 1460 1363 1523 adesse
1400 1461 1754 1532 crederetur,
1801 1460 2128 1543 pernicioso

220 1578 419 1619 errore
444 1558 523 1619 ad
558 1579 771 1620 manus
802 1568 956 1620 esset
977 1567 1241 1631 ventum,
1269 1561 1332 1619 ni
1358 1558 1640 1641 praemissi
1663 1560 1892 1639 equites
1915 1557 2124 1639 explo-

218 1664 359 1715 rata
390 1656 744 1735 cognitaque
786 1657 991 1716 omnia
1032 1654 1383 1717 retulissent.
1468 1655 1571 1717 Ita
1616 1658 1810 1737 majus
1847 1675 1927 1717 ex
1968 1674 2128 1718 vana
2175 1673 2182 1681 ·

220 1752 907 1831 solicitudinegaudium
930 1752 1065 1814 fuit.

308 1855 407 1909 13.
452 1846 743 1909 Metellus
780 1848 1012 1909 duobus
1044 1849 1267 1931 praeliis
1294 1848 1505 1910 eadem
1544 1849 1646 1911 die
1681 1848 1896 1921 victor,
1935 1846 2124 1909 dona·
2148 1863 2254 1914 Ην.
2285 1866 2419 1932 Epit.

218 1946 309 2005 tis·
328 1944 701 2025 laudatisque
732 1944 1039 2017 militibus,
1075 1964 1213 2007 cum
1251 1945 1491 2006 minime
1524 1944 1780 2007 fractum
1806 1945 2006 2005 auimo
2031 1964 2122 2005 re·
2147 1930 2287 2046 gfff·

217 2062 362 2122 gem
403 2044 465 2101 in
500 2042 647 2104 locis
684 2042 959 2103 saltuosis
998 2052 1177 2123 at'que
1213 2043 1452 2103 munitis
1476 2064 1660 2104 novas
1683 2063 1893 2122 cogere
1916 2042 2124 2123 copias
2249 2112 2258 2123 ,

216 2141 635 2219 cognovissem
676 2140 753 2201 de
780 2141 1003 2201 ratione
1030 2140 1177 2201 belli
1213 2140 1461 2201 consilio
1491 2141 1723 2212 habito,
1761 2141 1840 2200 ab
1881 2139 2009 2199 acie
2047 2158 2122 2199 ac

214 2236 463 2317 praeliis,
492 2236 650 2299 unde
670 2238 786 2299 sibi
812 2258 981 2319 paene
1007 2237 1143 2319 plus
1167 2237 1544 2309 incommodi,
1561 2238 1611 2297 si
1637 2239 1923 2308 vinceret,
1940 2256 2122 2317 quam

210 2333 254 2393 J
258 2336 558 2413 ugurthae,
598 2336 649 2396 si
680 2337 1037 2408 vinceretur,
1072 2334 1249 2407 foret,
1273 2335 1352 2396 ad
1378 2335 1824 2417 populationem
1851 2354 2122 2413 agrorum

208 2450 275 2491 se
308 2431 689 2512 rationesque
712 2452 849 2493 suas
872 2432 1188 2493 nansfertt
1232 2452 1349 2494 non
1390 2432 1509 2495 alio
1544 2443 1726 2514 atque
1759 2420 2118 2513 speraverat,
2143 2454 2248 2505 nv,
2266 2456 2398 2521 Eptt.

210 2538 457 2589 eventu.
540 2520 786 2613 Quippe
815 2528 1131 2603 Numidae,
1155 2540 1467 2612 postquam
1492 2531 1615 2619 late
1641 2530 1842 2591 omnia
1879 2532 2118 2603 vastari,
2142 2520 2372 2635 gamu-
2393 2528 2442 2575 ¹·

208 2627 405 2698 vicos,
432 2626 705 2699 castella,
742 2626 966 2709 oppida
984 2627 1328 2700 infirmiora,
1354 2629 1494 2710 capi
1528 2627 1904 2707 incendique,
1931 2628 2118 2709 pube-
2247 2620 2263 2635 ⁹

208 2744 307 2783 res
334 2723 613 2797 interfici,
638 2732 843 2785 cetera
864 2724 1085 2805 praedae
1124 2726 1379 2787 militum
1413 2726 1650 2797 cedere,
1673 2746 1864 2806 eaque
1889 2734 2120 2787 tantum

208 2842 337 2883 nou
375 2831 661 2903 praesente
696 2831 761 2883 et
801 2822 1169 2903 inspectante
1191 2822 1492 2903 Jugurtha
1526 2823 1658 2883 fleri
1691 2822 1933 2891 videut3
1981 2822 2118 2884 Me·
2142 2836 2292 2887 Oros.
2373 2848 2382 2855 ·

207 2920 363 2981 tello
400 2940 470 2980 se
504 2940 728 3001 suaque
767 2922 966 2980 omnia
1002 2919 1245 2992 dedere,
1277 2920 1658 2992 frumentum,
1698 2919 1955 2991 obsides,
1999 2920 2122 2982 alia
2142 2902 2263 2955 ⁵⁸¹¹·

208 3036 356 3099 quae
392 3017 737 3099 imperasset
773 3015 939 3089 dare,
966 3017 1241 3097 praesidia
1265 3018 1417 3079 locis
1439 3019 1660 3100 quibus
1685 3018 1775 3078 illi
1800 3017 2119 3099 placuisset

207 3116 511 3197 accipere,
536 3115 753 3195 passim
779 3122 1097 3195 coeperunt.

290 3221 399 3274 14.
443 3212 523 3273 Id
565 3212 833 3273 acerbius
855 3212 1166 3291 Jugurthae
1190 3231 1369 3293 quam
1394 3210 1666 3292 praelium
1690 3210 1849 3273 male
1891 3232 2118 3292 pugna-

203 3320 343 3371 tum
368 3309 705 3381 accidebat,
730 3312 1024 3391 reputanti
1043 3330 1187 3391 opes
1208 3329 1347 3369 suas
1378 3317 1445 3370 et
1466 3308 1714 3381 famam,
1739 3308 1800 3368 in
1825 3330 1947 3389 qua
1984 3309 2117 3391 plu-

202 3411 429 3470 rimum
454 3428 579 3469 esse
606 3408 855 3479 sciebat,
884 3408 997 3469 sibi
1038 3406 1305 3487 quotidie
1344 3406 1569 3477 minuiz
1618 3405 1875 3469 Metello
1910 3428 2116 3487 auges-

202 3525 367 3569 cere.
454 3516 471 3543 ⁶
499 3504 567 3566 Si
594 3514 873 3577 cessaret,
908 3506 1079 3567 brevi
1112 3525 1316 3565 omnes
1348 3514 1411 3565 et
1438 3506 1640 3566 omnia
1674 3504 1916 3565 victoris
1950 3503 2114 3577 foreg

202 3604 295 3665 sin
340 3602 701 3685 prohiberet,
748 3604 835 3664 ire
878 3623 943 3663 se
982 3602 1117 3681 cogi
1151 3623 1273 3682 qua
1312 3601 1599 3664 Metellus
1631 3604 2013 3684 praecederet,
2055 3614 2120 3665 et

201 3722 389 3783 quem
416 3700 559 3779 fuga
594 3700 861 3761 elusurus
886 3697 1115 3771 'fuerat,
1146 3701 1399 3779 insequi.
1482 3700 1687 3769 Quam
1711 3699 1926 3761 deinde
1950 3722 2117 3781 spem

202 3800 483 3871 baberet,
509 3818 645 3865 cum
680 3796 986 3859 incondita
1010 3797 1406 3869 multitudine,
1436 3799 1540 3857 ubi
1568 3797 1880 3858 Romanus
1917 3806 2116 3877 optas-

202 3910 323 3971 set,
366 3904 733 3964 certaturum
780 3897 883 3975 qui
925 3896 1059 3956 loco
1096 3896 1209 3956 sibi
1246 3895 1736 3977 opportunissimo
1761 3892 2032 3955 florentes
2055 3903 2120 3955 et

200 4006 524 4058 veteranas
544 3993 751 4074 copias
774 3993 1061 4053 amisisset
1082 3992 1121 4051 1’
1204 3992 1449 4053 Etenim
1474 4000 1607 4072 post
1631 3990 1939 4051 adversam
1962 4010 2112 4071 pug-

202 4112 349 4152 nam
378 4087 667 4151 Numidae
692 4088 769 4151 ad
788 4108 897 4148 sua
919 4090 1165 4169 quisque
1190 4088 1410 4171 dilapsi
1434 4096 1641 4150 erant:
1671 4085 1832 4167 quod
1853 4088 2116 4149 moribus

201 4190 406 4269 gentis
431 4186 694 4255 licitum3
738 4184 959 4246 delecti
994 4194 1223 4246 tantum
1257 4186 1487 4266 equites
1524 4204 1722 4263 regem
1757 4184 1820 4244 in
1847 4182 1989 4263 fuga
2011 4204 2112 4247 co-

206 4287 519 4347 mitantur.
1623 4279 1642 4297 “

290 4388 397 4443 15.
441 4380 655 4462 Igitur,
701 4380 863 4462 quod
900 4402 977 4443 ex
1028 4380 1415 4463 praeseutibus
1451 4380 1742 4463 optimum
1781 4375 2113 4450 videbatur,
