<?xml version="1.0" encoding="UTF-8"?>
<!DOCTYPE html PUBLIC "-//W3C//DTD XHTML 1.0 Transitional//EN"
    "http://www.w3.org/TR/xhtml1/DTD/xhtml1-transitional.dtd">
<html xmlns="http://www.w3.org/1999/xhtml" xml:lang="en" lang="en">
 <head>
  <title>
</title>
<meta http-equiv="Content-Type" content="text/html;charset=utf-8" />
  <meta name='ocr-system' content='tesseract 3.04.00' />
  <meta name='ocr-capabilities' content='ocr_page ocr_carea ocr_par ocr_line ocrx_word'/>
</head>
<body>
  <div class='ocr_page' id='page_1' title='image "./tliviipatavinih36unkngoog_0442.png"; bbox 0 0 3225 5242; ppageno 0'>
   <div class='ocr_carea' id='block_1_1' title="bbox 711 523 894 634">
    <p class='ocr_par' dir='ltr' id='par_1_1' title="bbox 711 523 894 634">
     <span class='ocr_line' id='line_1_1' title="bbox 711 523 894 634; baseline 0 0"><span class='ocrx_word' id='word_1_1' title='bbox 711 523 894 634; x_wconf 64' lang='lat' dir='ltr'><strong>42}ae</strong></span> 
     </span>
    </p>
   </div>
   <div class='ocr_carea' id='block_1_2' title="bbox 1692 582 2001 632">
    <p class='ocr_par' dir='ltr' id='par_1_2' title="bbox 1692 582 2001 632">
     <span class='ocr_line' id='line_1_2' title="bbox 1692 582 2001 632; baseline 0 0"><span class='ocrx_word' id='word_1_2' title='bbox 1692 583 1763 632; x_wconf 75' lang='lat' dir='ltr'><strong>&#39;l&#39;-</strong></span> <span class='ocrx_word' id='word_1_3' title='bbox 1812 582 2001 632; x_wconf 77' lang='lat' dir='ltr'><strong>mvn</strong></span> 
     </span>
    </p>
   </div>
   <div class='ocr_carea' id='block_1_3' title="bbox 1038 723 2969 1678">
    <p class='ocr_par' dir='ltr' id='par_1_3' title="bbox 1038 723 2969 1370">
     <span class='ocr_line' id='line_1_3' title="bbox 1038 723 2965 805; baseline -0.002 -19"><span class='ocrx_word' id='word_1_4' title='bbox 1038 745 1245 786; x_wconf 84' lang='lat' dir='ltr'><strong>omnes</strong></span> <span class='ocrx_word' id='word_1_5' title='bbox 1267 727 1410 788; x_wconf 78' lang='lat' dir='ltr'><strong>vitae</strong></span> <span class='ocrx_word' id='word_1_6' title='bbox 1435 727 1767 788; x_wconf 72' lang='lat' dir='ltr'><strong>suavitates</strong></span> <span class='ocrx_word' id='word_1_7' title='bbox 1788 727 2005 787; x_wconf 85' lang='lat' dir='ltr'><strong>mentis</strong></span> <span class='ocrx_word' id='word_1_8' title='bbox 2026 727 2181 786; x_wconf 89' lang='lat' dir='ltr'><strong>bene</strong></span> <span class='ocrx_word' id='word_1_9' title='bbox 2204 724 2321 784; x_wconf 87' lang='lat' dir='ltr'><strong>sibi</strong></span> <span class='ocrx_word' id='word_1_10' title='bbox 2344 725 2601 786; x_wconf 76' lang='lat' dir='ltr'><strong>consciae</strong></span> <span class='ocrx_word' id='word_1_11' title='bbox 2624 723 2965 805; x_wconf 61' lang='lat' dir='ltr'><strong>tranquilli-</strong></span> 
     </span>
     <span class='ocr_line' id='line_1_4' title="bbox 1041 819 2969 903; baseline -0.001 -19"><span class='ocrx_word' id='word_1_12' title='bbox 1041 833 1174 884; x_wconf 73' lang='lat' dir='ltr'><strong>tsst</strong></span> <span class='ocrx_word' id='word_1_13' title='bbox 1219 833 1283 884; x_wconf 93' lang='lat' dir='ltr'><strong>et</strong></span> <span class='ocrx_word' id='word_1_14' title='bbox 1311 823 1444 885; x_wconf 71' lang='lat' dir='ltr'><strong>haec</strong></span> <span class='ocrx_word' id='word_1_15' title='bbox 1477 824 1833 894; x_wconf 88' lang='lat' dir='ltr'><strong>recordatio,</strong></span> <span class='ocrx_word' id='word_1_16' title='bbox 1858 823 2009 883; x_wconf 83' lang='lat' dir='ltr'><strong>nihil</strong></span> <span class='ocrx_word' id='word_1_17' title='bbox 2040 843 2135 887; x_wconf 85' lang='lat' dir='ltr'><strong>me</strong></span> <span class='ocrx_word' id='word_1_18' title='bbox 2166 824 2229 883; x_wconf 90' lang='lat' dir='ltr'><strong>in</strong></span> <span class='ocrx_word' id='word_1_19' title='bbox 2266 819 2577 903; x_wconf 74' lang='lat' dir='ltr'><strong>republica</strong></span> <span class='ocrx_word' id='word_1_20' title='bbox 2614 831 2725 882; x_wconf 82' lang='lat' dir='ltr'><strong>aut</strong></span> <span class='ocrx_word' id='word_1_21' title='bbox 2755 821 2969 882; x_wconf 80' lang='lat' dir='ltr'><strong>fecisse</strong></span> 
     </span>
     <span class='ocr_line' id='line_1_5' title="bbox 1041 916 2965 1002; baseline -0.001 -22"><span class='ocrx_word' id='word_1_22' title='bbox 1041 921 1321 1002; x_wconf 82' lang='lat' dir='ltr'><strong>turpiter,</strong></span> <span class='ocrx_word' id='word_1_23' title='bbox 1347 929 1456 981; x_wconf 88' lang='lat' dir='ltr'><strong>aut</strong></span> <span class='ocrx_word' id='word_1_24' title='bbox 1495 921 1743 980; x_wconf 74' lang='lat' dir='ltr'><strong>suasisse</strong></span> <span class='ocrx_word' id='word_1_25' title='bbox 1784 920 2027 1000; x_wconf 89' lang='lat' dir='ltr'><strong>cupide,</strong></span> <span class='ocrx_word' id='word_1_26' title='bbox 2066 918 2214 978; x_wconf 84' lang='lat' dir='ltr'><strong>nihil</strong></span> <span class='ocrx_word' id='word_1_27' title='bbox 2242 927 2347 979; x_wconf 88' lang='lat' dir='ltr'><strong>aut</strong></span> <span class='ocrx_word' id='word_1_28' title='bbox 2370 916 2595 978; x_wconf 67' lang='lat' dir='ltr'><strong>dixioee</strong></span> <span class='ocrx_word' id='word_1_29' title='bbox 2620 939 2727 1000; x_wconf 89' lang='lat' dir='ltr'><strong>per</strong></span> <span class='ocrx_word' id='word_1_30' title='bbox 2752 917 2965 978; x_wconf 85' lang='lat' dir='ltr'><strong>adula-</strong></span> 
     </span>
     <span class='ocr_line' id='line_1_6' title="bbox 1039 1014 2969 1097; baseline 0 -21"><span class='ocrx_word' id='word_1_31' title='bbox 1039 1017 1287 1087; x_wconf 77' lang='lat' dir='ltr'><strong>tionem,</strong></span> <span class='ocrx_word' id='word_1_32' title='bbox 1331 1027 1440 1076; x_wconf 86' lang='lat' dir='ltr'><strong>aut</strong></span> <span class='ocrx_word' id='word_1_33' title='bbox 1482 1017 1783 1077; x_wconf 76' lang='lat' dir='ltr'><strong>reticuisse</strong></span> <span class='ocrx_word' id='word_1_34' title='bbox 1824 1035 1931 1097; x_wconf 87' lang='lat' dir='ltr'><strong>per</strong></span> <span class='ocrx_word' id='word_1_35' title='bbox 1975 1025 2221 1086; x_wconf 87' lang='lat' dir='ltr'><strong>metum,</strong></span> <span class='ocrx_word' id='word_1_36' title='bbox 2263 1014 2419 1074; x_wconf 89' lang='lat' dir='ltr'><strong>adeo</strong></span> <span class='ocrx_word' id='word_1_37' title='bbox 2458 1034 2695 1076; x_wconf 87' lang='lat' dir='ltr'><strong>sensum</strong></span> <span class='ocrx_word' id='word_1_38' title='bbox 2730 1035 2969 1076; x_wconf 74' lang='lat' dir='ltr'><strong>ornnem</strong></span> 
     </span>
     <span class='ocr_line' id='line_1_7' title="bbox 1043 1110 2969 1193; baseline -0.002 -19"><span class='ocrx_word' id='word_1_39' title='bbox 1043 1113 1322 1174; x_wconf 83' lang='lat' dir='ltr'><strong>abstersit</strong></span> <span class='ocrx_word' id='word_1_40' title='bbox 1357 1113 1530 1174; x_wconf 88' lang='lat' dir='ltr'><strong>exilii</strong></span> <span class='ocrx_word' id='word_1_41' title='bbox 1571 1113 1711 1185; x_wconf 87' lang='lat' dir='ltr'><strong>mei,</strong></span> <span class='ocrx_word' id='word_1_42' title='bbox 1748 1121 1817 1173; x_wconf 90' lang='lat' dir='ltr'><strong>ut</strong></span> <span class='ocrx_word' id='word_1_43' title='bbox 1859 1132 1969 1193; x_wconf 86' lang='lat' dir='ltr'><strong>pro</strong></span> <span class='ocrx_word' id='word_1_44' title='bbox 2012 1110 2201 1174; x_wconf 83' lang='lat' dir='ltr'><strong>nihilo</strong></span> <span class='ocrx_word' id='word_1_45' title='bbox 2240 1111 2519 1172; x_wconf 81' lang='lat' dir='ltr'><strong>ducerem</strong></span> <span class='ocrx_word' id='word_1_46' title='bbox 2562 1111 2698 1172; x_wconf 90' lang='lat' dir='ltr'><strong>loco</strong></span> <span class='ocrx_word' id='word_1_47' title='bbox 2732 1112 2969 1191; x_wconf 74' lang='lat' dir='ltr'><strong>sejungi</strong></span> 
     </span>
     <span class='ocr_line' id='line_1_8' title="bbox 1041 1208 2967 1292; baseline 0 -22"><span class='ocrx_word' id='word_1_48' title='bbox 1041 1229 1082 1270; x_wconf 86' lang='lat' dir='ltr'><strong>a</strong></span> <span class='ocrx_word' id='word_1_49' title='bbox 1121 1211 1314 1282; x_wconf 78' lang='lat' dir='ltr'><strong>vobis,</strong></span> <span class='ocrx_word' id='word_1_50' title='bbox 1359 1211 1582 1292; x_wconf 88' lang='lat' dir='ltr'><strong>quibus</strong></span> <span class='ocrx_word' id='word_1_51' title='bbox 1626 1210 1823 1270; x_wconf 88' lang='lat' dir='ltr'><strong>animo</strong></span> <span class='ocrx_word' id='word_1_52' title='bbox 1867 1228 2169 1270; x_wconf 86' lang='lat' dir='ltr'><strong>manerem</strong></span> <span class='ocrx_word' id='word_1_53' title='bbox 2214 1208 2555 1290; x_wconf 79' lang='lat' dir='ltr'><strong>affectuque</strong></span> <span class='ocrx_word' id='word_1_54' title='bbox 2600 1209 2967 1289; x_wconf 83' lang='lat' dir='ltr'><strong>conjunctis-</strong></span> 
     </span>
     <span class='ocr_line' id='line_1_9' title="bbox 1041 1326 1245 1370; baseline 0.02 -4"><span class='ocrx_word' id='word_1_55' title='bbox 1041 1326 1245 1370; x_wconf 80' lang='lat' dir='ltr'><strong>simus.</strong></span> 
     </span>
    </p>

    <p class='ocr_par' dir='ltr' id='par_1_4' title="bbox 1039 1401 2969 1678">
     <span class='ocr_line' id='line_1_10' title="bbox 1125 1401 2967 1485; baseline -0.001 -22"><span class='ocrx_word' id='word_1_56' title='bbox 1125 1409 1225 1464; x_wconf 81' lang='lat'><strong>68.</strong></span> <span class='ocrx_word' id='word_1_57' title='bbox 1270 1411 1290 1440; x_wconf 88' lang='lat'>‘</span> <span class='ocrx_word' id='word_1_58' title='bbox 1318 1402 1476 1463; x_wconf 87' lang='lat' dir='ltr'><strong>Sane</strong></span> <span class='ocrx_word' id='word_1_59' title='bbox 1502 1413 1631 1464; x_wconf 89' lang='lat' dir='ltr'><strong>tum</strong></span> <span class='ocrx_word' id='word_1_60' title='bbox 1670 1423 1911 1485; x_wconf 87' lang='lat' dir='ltr'><strong>quoque</strong></span> <span class='ocrx_word' id='word_1_61' title='bbox 1936 1403 2085 1466; x_wconf 86' lang='lat' dir='ltr'><strong>nihil</strong></span> <span class='ocrx_word' id='word_1_62' title='bbox 2100 1401 2429 1484; x_wconf 86' lang='lat' dir='ltr'><strong>jucundius</strong></span> <span class='ocrx_word' id='word_1_63' title='bbox 2452 1401 2681 1475; x_wconf 74' lang='lat' dir='ltr'><strong>finisset,</strong></span> <span class='ocrx_word' id='word_1_64' title='bbox 2706 1421 2891 1482; x_wconf 88' lang='lat' dir='ltr'><strong>quam</strong></span> <span class='ocrx_word' id='word_1_65' title='bbox 2916 1403 2967 1462; x_wconf 85' lang='lat' dir='ltr'><strong>si</strong></span> 
     </span>
     <span class='ocr_line' id='line_1_11' title="bbox 1041 1497 2969 1581; baseline 0.001 -24"><span class='ocrx_word' id='word_1_66' title='bbox 1041 1507 1366 1580; x_wconf 88' lang='lat' dir='ltr'><strong>conspectu</strong></span> <span class='ocrx_word' id='word_1_67' title='bbox 1389 1498 1830 1581; x_wconf 85' lang='lat' dir='ltr'><strong>complexuque</strong></span> <span class='ocrx_word' id='word_1_68' title='bbox 1849 1500 2059 1561; x_wconf 86' lang='lat' dir='ltr'><strong>horum</strong></span> <span class='ocrx_word' id='word_1_69' title='bbox 2074 1501 2337 1560; x_wconf 86' lang='lat' dir='ltr'><strong>omnium</strong></span> <span class='ocrx_word' id='word_1_70' title='bbox 2358 1499 2496 1570; x_wconf 78' lang='lat' dir='ltr'><strong>frui,</strong></span> <span class='ocrx_word' id='word_1_71' title='bbox 2514 1497 2809 1579; x_wconf 84' lang='lat' dir='ltr'><strong>simulque</strong></span> <span class='ocrx_word' id='word_1_72' title='bbox 2826 1519 2969 1560; x_wconf 84' lang='lat' dir='ltr'><strong>cum</strong></span> 
     </span>
     <span class='ocr_line' id='line_1_12' title="bbox 1039 1593 2963 1678; baseline 0.001 -24"><span class='ocrx_word' id='word_1_73' title='bbox 1039 1593 1135 1653; x_wconf 84' lang='lat' dir='ltr'><strong>his</strong></span> <span class='ocrx_word' id='word_1_74' title='bbox 1158 1596 1494 1656; x_wconf 85' lang='lat' dir='ltr'><strong>consultare</strong></span> <span class='ocrx_word' id='word_1_75' title='bbox 1517 1596 1596 1657; x_wconf 91' lang='lat' dir='ltr'><strong>de</strong></span> <span class='ocrx_word' id='word_1_76' title='bbox 1634 1596 1971 1678; x_wconf 85' lang='lat' dir='ltr'><strong>republica,</strong></span> <span class='ocrx_word' id='word_1_77' title='bbox 2005 1597 2169 1675; x_wconf 80' lang='lat' dir='ltr'><strong>leges</strong></span> <span class='ocrx_word' id='word_1_78' title='bbox 2202 1615 2513 1676; x_wconf 87' lang='lat' dir='ltr'><strong>moresque</strong></span> <span class='ocrx_word' id='word_1_79' title='bbox 2548 1597 2740 1656; x_wconf 86' lang='lat' dir='ltr'><strong>bonos</strong></span> <span class='ocrx_word' id='word_1_80' title='bbox 2782 1595 2963 1668; x_wconf 89' lang='lat' dir='ltr'><strong>tueri,</strong></span> 
     </span>
    </p>
   </div>
   <div class='ocr_carea' id='block_1_4' title="bbox 937 1690 2969 1774">
    <p class='ocr_par' dir='ltr' id='par_1_5' title="bbox 937 1690 2969 1774">
     <span class='ocr_line' id='line_1_13' title="bbox 937 1690 2969 1774; baseline 0.001 -24"><span class='ocrx_word' id='word_1_81' title='bbox 937 1715 944 1722; x_wconf 88' lang='lat'><strong>·</strong></span> <span class='ocrx_word' id='word_1_82' title='bbox 1041 1691 1308 1752; x_wconf 80' lang='lat' dir='ltr'><strong>resistere</strong></span> <span class='ocrx_word' id='word_1_83' title='bbox 1335 1694 1536 1774; x_wconf 85' lang='lat' dir='ltr'><strong>pravis</strong></span> <span class='ocrx_word' id='word_1_84' title='bbox 1563 1693 1849 1754; x_wconf 78' lang='lat' dir='ltr'><strong>licuisset.</strong></span> <span class='ocrx_word' id='word_1_85' title='bbox 1934 1693 2217 1754; x_wconf 82' lang='lat' dir='ltr'><strong>Ceterum</strong></span> <span class='ocrx_word' id='word_1_86' title='bbox 2242 1693 2487 1774; x_wconf 85' lang='lat' dir='ltr'><strong>majoris</strong></span> <span class='ocrx_word' id='word_1_87' title='bbox 2512 1691 2621 1753; x_wconf 90' lang='lat' dir='ltr'><strong>illa</strong></span> <span class='ocrx_word' id='word_1_88' title='bbox 2654 1690 2969 1753; x_wconf 79' lang='lat' dir='ltr'><strong>felicitatis</strong></span> 
     </span>
    </p>
   </div>
   <div class='ocr_carea' id='block_1_5' title="bbox 1037 1788 2967 4303">
    <p class='ocr_par' dir='ltr' id='par_1_6' title="bbox 1039 1788 2967 2628">
     <span class='ocr_line' id='line_1_14' title="bbox 1039 1788 2966 1872; baseline 0 -23"><span class='ocrx_word' id='word_1_89' title='bbox 1039 1788 1422 1864; x_wconf 84' lang='lat' dir='ltr'><strong>videbantur,</strong></span> <span class='ocrx_word' id='word_1_90' title='bbox 1450 1811 1631 1872; x_wconf 89' lang='lat' dir='ltr'><strong>quam</strong></span> <span class='ocrx_word' id='word_1_91' title='bbox 1658 1800 1727 1852; x_wconf 88' lang='lat' dir='ltr'><strong>ut</strong></span> <span class='ocrx_word' id='word_1_92' title='bbox 1762 1813 1800 1852; x_wconf 82' lang='lat' dir='ltr'><strong>a</strong></span> <span class='ocrx_word' id='word_1_93' title='bbox 1827 1790 1966 1852; x_wconf 89' lang='lat' dir='ltr'><strong>Diis</strong></span> <span class='ocrx_word' id='word_1_94' title='bbox 2000 1791 2437 1852; x_wconf 83' lang='lat' dir='ltr'><strong>immortalibus</strong></span> <span class='ocrx_word' id='word_1_95' title='bbox 2462 1799 2665 1872; x_wconf 83' lang='lat' dir='ltr'><strong>petere</strong></span> <span class='ocrx_word' id='word_1_96' title='bbox 2696 1799 2803 1849; x_wconf 87' lang='lat' dir='ltr'><strong>aut</strong></span> <span class='ocrx_word' id='word_1_97' title='bbox 2830 1809 2966 1870; x_wconf 86' lang='lat' dir='ltr'><strong>spe-</strong></span> 
     </span>
     <span class='ocr_line' id='line_1_15' title="bbox 1041 1886 2967 1969; baseline 0 -23"><span class='ocrx_word' id='word_1_98' title='bbox 1041 1905 1171 1946; x_wconf 86' lang='lat' dir='ltr'><strong>rare</strong></span> <span class='ocrx_word' id='word_1_99' title='bbox 1194 1886 1494 1948; x_wconf 88' lang='lat' dir='ltr'><strong>deberem.</strong></span> <span class='ocrx_word' id='word_1_100' title='bbox 1577 1888 1767 1956; x_wconf 84' lang='lat' dir='ltr'><strong>Quod</strong></span> <span class='ocrx_word' id='word_1_101' title='bbox 1792 1888 1975 1968; x_wconf 77' lang='lat' dir='ltr'><strong>igitur</strong></span> <span class='ocrx_word' id='word_1_102' title='bbox 1996 1887 2097 1950; x_wconf 78' lang='lat' dir='ltr'><strong>vel</strong></span> <span class='ocrx_word' id='word_1_103' title='bbox 2124 1897 2329 1969; x_wconf 81' lang='lat' dir='ltr'><strong>optare</strong></span> <span class='ocrx_word' id='word_1_104' title='bbox 2356 1889 2689 1968; x_wconf 84' lang='lat' dir='ltr'><strong>improbum</strong></span> <span class='ocrx_word' id='word_1_105' title='bbox 2715 1886 2967 1948; x_wconf 83' lang='lat' dir='ltr'><strong>videba-</strong></span> 
     </span>
     <span class='ocr_line' id='line_1_16' title="bbox 1039 1983 2963 2058; baseline 0.001 -16"><span class='ocrx_word' id='word_1_106' title='bbox 1039 1991 1158 2056; x_wconf 89' lang='lat' dir='ltr'><strong>tur,</strong></span> <span class='ocrx_word' id='word_1_107' title='bbox 1175 1983 1242 2058; x_wconf 75' lang='lat' dir='ltr'><strong>id</strong></span> <span class='ocrx_word' id='word_1_108' title='bbox 1263 1985 1409 2045; x_wconf 89' lang='lat' dir='ltr'><strong>mihi</strong></span> <span class='ocrx_word' id='word_1_109' title='bbox 1435 1985 1801 2058; x_wconf 82' lang='lat' dir='ltr'><strong>reddidistis,</strong></span> <span class='ocrx_word' id='word_1_110' title='bbox 1826 1985 2117 2058; x_wconf 82' lang='lat' dir='ltr'><strong>Quirites,</strong></span> <span class='ocrx_word' id='word_1_111' title='bbox 2148 1994 2216 2045; x_wconf 89' lang='lat' dir='ltr'><strong>ut</strong></span> <span class='ocrx_word' id='word_1_112' title='bbox 2230 1985 2309 2044; x_wconf 86' lang='lat' dir='ltr'><strong>de</strong></span> <span class='ocrx_word' id='word_1_113' title='bbox 2328 2005 2465 2046; x_wconf 88' lang='lat' dir='ltr'><strong>meo</strong></span> <span class='ocrx_word' id='word_1_114' title='bbox 2484 1985 2701 2056; x_wconf 88' lang='lat' dir='ltr'><strong>reditu,</strong></span> <span class='ocrx_word' id='word_1_115' title='bbox 2728 2005 2868 2045; x_wconf 87' lang='lat' dir='ltr'><strong>cum</strong></span> <span class='ocrx_word' id='word_1_116' title='bbox 2882 1985 2963 2044; x_wconf 88' lang='lat' dir='ltr'><strong>ab</strong></span> 
     </span>
     <span class='ocr_line' id='line_1_17' title="bbox 1039 2074 2964 2159; baseline 0.002 -21"><span class='ocrx_word' id='word_1_117' title='bbox 1039 2097 1116 2138; x_wconf 92' lang='lat' dir='ltr'><strong>eo</strong></span> <span class='ocrx_word' id='word_1_118' title='bbox 1141 2079 1336 2159; x_wconf 84' lang='lat' dir='ltr'><strong>qualis</strong></span> <span class='ocrx_word' id='word_1_119' title='bbox 1357 2080 1743 2142; x_wconf 82' lang='lat' dir='ltr'><strong>discesseram</strong></span> <span class='ocrx_word' id='word_1_120' title='bbox 1764 2081 1910 2142; x_wconf 89' lang='lat' dir='ltr'><strong>nihil</strong></span> <span class='ocrx_word' id='word_1_121' title='bbox 1936 2074 2165 2142; x_wconf 68' lang='lat' dir='ltr'><strong>sciretis</strong></span> <span class='ocrx_word' id='word_1_122' title='bbox 2190 2082 2591 2153; x_wconf 85' lang='lat' dir='ltr'><strong>immutatum,</strong></span> <span class='ocrx_word' id='word_1_123' title='bbox 2612 2081 2964 2142; x_wconf 86' lang='lat' dir='ltr'><strong>scisceretis.</strong></span> 
     </span>
     <span class='ocr_line' id='line_1_18' title="bbox 1043 2173 2963 2259; baseline 0.002 -25"><span class='ocrx_word' id='word_1_124' title='bbox 1043 2173 1190 2242; x_wconf 78' lang='lat' dir='ltr'><strong>Qua</strong></span> <span class='ocrx_word' id='word_1_125' title='bbox 1215 2196 1338 2237; x_wconf 90' lang='lat' dir='ltr'><strong>una</strong></span> <span class='ocrx_word' id='word_1_126' title='bbox 1359 2177 1423 2236; x_wconf 89' lang='lat' dir='ltr'><strong>in</strong></span> <span class='ocrx_word' id='word_1_127' title='bbox 1449 2197 1512 2237; x_wconf 90' lang='lat' dir='ltr'><strong>re</strong></span> <span class='ocrx_word' id='word_1_128' title='bbox 1546 2197 1688 2239; x_wconf 88' lang='lat' dir='ltr'><strong>cum</strong></span> <span class='ocrx_word' id='word_1_129' title='bbox 1726 2177 2044 2259; x_wconf 82' lang='lat' dir='ltr'><strong>multiplex</strong></span> <span class='ocrx_word' id='word_1_130' title='bbox 2079 2179 2219 2238; x_wconf 85' lang='lat' dir='ltr'><strong>insit</strong></span> <span class='ocrx_word' id='word_1_131' title='bbox 2258 2179 2475 2257; x_wconf 74' lang='lat' dir='ltr'><strong>gratia,</strong></span> <span class='ocrx_word' id='word_1_132' title='bbox 2512 2178 2675 2258; x_wconf 81' lang='lat' dir='ltr'><strong>quod</strong></span> <span class='ocrx_word' id='word_1_133' title='bbox 2708 2179 2789 2237; x_wconf 89' lang='lat' dir='ltr'><strong>ab</strong></span> <span class='ocrx_word' id='word_1_134' title='bbox 2814 2199 2963 2238; x_wconf 85' lang='lat' dir='ltr'><strong>uno-</strong></span> 
     </span>
     <span class='ocr_line' id='line_1_19' title="bbox 1042 2273 2963 2356; baseline 0.002 -24"><span class='ocrx_word' id='word_1_135' title='bbox 1042 2293 1282 2354; x_wconf 87' lang='lat' dir='ltr'><strong>quoque</strong></span> <span class='ocrx_word' id='word_1_136' title='bbox 1315 2275 1480 2335; x_wconf 86' lang='lat' dir='ltr'><strong>cerni</strong></span> <span class='ocrx_word' id='word_1_137' title='bbox 1515 2283 1739 2356; x_wconf 88' lang='lat' dir='ltr'><strong>potest,</strong></span> <span class='ocrx_word' id='word_1_138' title='bbox 1770 2275 2009 2353; x_wconf 81' lang='lat' dir='ltr'><strong>quodve</strong></span> <span class='ocrx_word' id='word_1_139' title='bbox 2037 2275 2201 2356; x_wconf 85' lang='lat' dir='ltr'><strong>prius</strong></span> <span class='ocrx_word' id='word_1_140' title='bbox 2222 2285 2313 2335; x_wconf 84' lang='lat' dir='ltr'><strong>est</strong></span> <span class='ocrx_word' id='word_1_141' title='bbox 2335 2273 2756 2354; x_wconf 75' lang='lat' dir='ltr'><strong>significatum,</strong></span> <span class='ocrx_word' id='word_1_142' title='bbox 2782 2274 2865 2335; x_wconf 87' lang='lat' dir='ltr'><strong>de</strong></span> <span class='ocrx_word' id='word_1_143' title='bbox 2890 2275 2963 2335; x_wconf 86' lang='lat' dir='ltr'><strong>iis</strong></span> 
     </span>
     <span class='ocr_line' id='line_1_20' title="bbox 1043 2371 2963 2454; baseline 0.001 -24"><span class='ocrx_word' id='word_1_144' title='bbox 1043 2371 1106 2430; x_wconf 88' lang='lat' dir='ltr'><strong>in</strong></span> <span class='ocrx_word' id='word_1_145' title='bbox 1141 2372 1456 2452; x_wconf 78' lang='lat' dir='ltr'><strong>praesentia</strong></span> <span class='ocrx_word' id='word_1_146' title='bbox 1493 2380 1686 2433; x_wconf 86' lang='lat' dir='ltr'><strong>taceo.</strong></span> <span class='ocrx_word' id='word_1_147' title='bbox 1759 2371 1837 2432; x_wconf 86' lang='lat' dir='ltr'><strong>Id</strong></span> <span class='ocrx_word' id='word_1_148' title='bbox 1862 2372 2035 2432; x_wconf 88' lang='lat' dir='ltr'><strong>silere</strong></span> <span class='ocrx_word' id='word_1_149' title='bbox 2060 2371 2229 2432; x_wconf 89' lang='lat' dir='ltr'><strong>nullo</strong></span> <span class='ocrx_word' id='word_1_150' title='bbox 2256 2379 2436 2453; x_wconf 87' lang='lat' dir='ltr'><strong>pacto</strong></span> <span class='ocrx_word' id='word_1_151' title='bbox 2462 2391 2724 2454; x_wconf 86' lang='lat' dir='ltr'><strong>possum,</strong></span> <span class='ocrx_word' id='word_1_152' title='bbox 2749 2374 2813 2432; x_wconf 89' lang='lat' dir='ltr'><strong>in</strong></span> <span class='ocrx_word' id='word_1_153' title='bbox 2840 2391 2963 2453; x_wconf 90' lang='lat' dir='ltr'><strong>quo</strong></span> 
     </span>
     <span class='ocr_line' id='line_1_21' title="bbox 1044 2469 2963 2551; baseline 0.001 -23"><span class='ocrx_word' id='word_1_154' title='bbox 1044 2487 1164 2528; x_wconf 85' lang='lat' dir='ltr'><strong>non</strong></span> <span class='ocrx_word' id='word_1_155' title='bbox 1207 2469 1402 2528; x_wconf 86' lang='lat' dir='ltr'><strong>solum</strong></span> <span class='ocrx_word' id='word_1_156' title='bbox 1445 2489 1667 2549; x_wconf 80' lang='lat' dir='ltr'><strong>magna</strong></span> <span class='ocrx_word' id='word_1_157' title='bbox 1712 2479 1803 2530; x_wconf 87' lang='lat' dir='ltr'><strong>est</strong></span> <span class='ocrx_word' id='word_1_158' title='bbox 1838 2470 2142 2551; x_wconf 67' lang='lat' dir='ltr'><strong>praesentis</strong></span> <span class='ocrx_word' id='word_1_159' title='bbox 2176 2469 2459 2550; x_wconf 83' lang='lat' dir='ltr'><strong>temporis</strong></span> <span class='ocrx_word' id='word_1_160' title='bbox 2496 2469 2813 2542; x_wconf 84' lang='lat' dir='ltr'><strong>exultatio,</strong></span> <span class='ocrx_word' id='word_1_161' title='bbox 2854 2469 2963 2530; x_wconf 87' lang='lat' dir='ltr'><strong>sed</strong></span> 
     </span>
     <span class='ocr_line' id='line_1_22' title="bbox 1041 2566 1699 2628; baseline 0.003 -2"><span class='ocrx_word' id='word_1_162' title='bbox 1041 2567 1224 2627; x_wconf 83' lang='lat' dir='ltr'><strong>etiam</strong></span> <span class='ocrx_word' id='word_1_163' title='bbox 1249 2566 1432 2626; x_wconf 83' lang='lat' dir='ltr'><strong>futuri</strong></span> <span class='ocrx_word' id='word_1_164' title='bbox 1458 2566 1699 2628; x_wconf 82' lang='lat' dir='ltr'><strong>fiducia.</strong></span> 
     </span>
    </p>

    <p class='ocr_par' dir='ltr' id='par_1_7' title="bbox 1037 2662 2965 4107">
     <span class='ocr_line' id='line_1_23' title="bbox 1122 2662 2961 2742; baseline 0.002 -19"><span class='ocrx_word' id='word_1_165' title='bbox 1122 2669 1225 2724; x_wconf 75' lang='lat'><strong>59.</strong></span> <span class='ocrx_word' id='word_1_166' title='bbox 1268 2672 1289 2700; x_wconf 89' lang='lat'>‘</span> <span class='ocrx_word' id='word_1_167' title='bbox 1312 2662 1460 2725; x_wconf 78' lang='lat' dir='ltr'><strong>Sive</strong></span> <span class='ocrx_word' id='word_1_168' title='bbox 1494 2665 1657 2724; x_wconf 89' lang='lat' dir='ltr'><strong>enim</strong></span> <span class='ocrx_word' id='word_1_169' title='bbox 1698 2662 1777 2724; x_wconf 88' lang='lat' dir='ltr'><strong>ad</strong></span> <span class='ocrx_word' id='word_1_170' title='bbox 1798 2683 1894 2723; x_wconf 91' lang='lat' dir='ltr'><strong>me</strong></span> <span class='ocrx_word' id='word_1_171' title='bbox 1922 2664 2111 2727; x_wconf 81' lang='lat' dir='ltr'><strong>refero</strong></span> <span class='ocrx_word' id='word_1_172' title='bbox 2138 2664 2583 2742; x_wconf 78' lang='lat' dir='ltr'><strong>cogitationem,</strong></span> <span class='ocrx_word' id='word_1_173' title='bbox 2610 2665 2737 2726; x_wconf 77' lang='lat' dir='ltr'><strong>sive</strong></span> <span class='ocrx_word' id='word_1_174' title='bbox 2760 2665 2961 2726; x_wconf 88' lang='lat' dir='ltr'><strong>inimi-</strong></span> 
     </span>
     <span class='ocr_line' id='line_1_24' title="bbox 1039 2760 2959 2844; baseline 0.001 -22"><span class='ocrx_word' id='word_1_175' title='bbox 1039 2780 1144 2822; x_wconf 88' lang='lat' dir='ltr'><strong>cos</strong></span> <span class='ocrx_word' id='word_1_176' title='bbox 1169 2761 1445 2844; x_wconf 87' lang='lat' dir='ltr'><strong>respicio,</strong></span> <span class='ocrx_word' id='word_1_177' title='bbox 1469 2763 1595 2823; x_wconf 77' lang='lat' dir='ltr'><strong>sive</strong></span> <span class='ocrx_word' id='word_1_178' title='bbox 1616 2761 1697 2823; x_wconf 87' lang='lat' dir='ltr'><strong>ad</strong></span> <span class='ocrx_word' id='word_1_179' title='bbox 1721 2762 1881 2821; x_wconf 89' lang='lat' dir='ltr'><strong>hunc</strong></span> <span class='ocrx_word' id='word_1_180' title='bbox 1909 2761 2195 2844; x_wconf 88' lang='lat' dir='ltr'><strong>populum</strong></span> <span class='ocrx_word' id='word_1_181' title='bbox 2224 2760 2570 2822; x_wconf 75' lang='lat' dir='ltr'><strong>Romanum</strong></span> <span class='ocrx_word' id='word_1_182' title='bbox 2594 2762 2804 2824; x_wconf 86' lang='lat' dir='ltr'><strong>oculos</strong></span> <span class='ocrx_word' id='word_1_183' title='bbox 2825 2783 2959 2825; x_wconf 79' lang='lat' dir='ltr'><strong>ver-</strong></span> 
     </span>
     <span class='ocr_line' id='line_1_25' title="bbox 1039 2857 2959 2940; baseline 0 -20"><span class='ocrx_word' id='word_1_184' title='bbox 1039 2868 1128 2932; x_wconf 82' lang='lat' dir='ltr'><strong>to,</strong></span> <span class='ocrx_word' id='word_1_185' title='bbox 1155 2859 1305 2920; x_wconf 89' lang='lat' dir='ltr'><strong>nihil</strong></span> <span class='ocrx_word' id='word_1_186' title='bbox 1341 2860 1623 2932; x_wconf 87' lang='lat' dir='ltr'><strong>occurrit,</strong></span> <span class='ocrx_word' id='word_1_187' title='bbox 1658 2858 1820 2940; x_wconf 88' lang='lat' dir='ltr'><strong>quod</strong></span> <span class='ocrx_word' id='word_1_188' title='bbox 1859 2879 1977 2920; x_wconf 88' lang='lat' dir='ltr'><strong>nou</strong></span> <span class='ocrx_word' id='word_1_189' title='bbox 2012 2861 2093 2918; x_wconf 87' lang='lat' dir='ltr'><strong>sit</strong></span> <span class='ocrx_word' id='word_1_190' title='bbox 2118 2857 2347 2937; x_wconf 80' lang='lat' dir='ltr'><strong>aliqua,</strong></span> <span class='ocrx_word' id='word_1_191' title='bbox 2374 2877 2487 2919; x_wconf 89' lang='lat' dir='ltr'><strong>nec</strong></span> <span class='ocrx_word' id='word_1_192' title='bbox 2512 2859 2797 2920; x_wconf 88' lang='lat' dir='ltr'><strong>mediocri</strong></span> <span class='ocrx_word' id='word_1_193' title='bbox 2824 2879 2959 2939; x_wconf 84' lang='lat' dir='ltr'><strong>gra-</strong></span> 
     </span>
     <span class='ocr_line' id='line_1_26' title="bbox 1039 2954 2962 3036; baseline 0.002 -20"><span class='ocrx_word' id='word_1_194' title='bbox 1039 2955 1330 3018; x_wconf 85' lang='lat' dir='ltr'><strong>tulatione</strong></span> <span class='ocrx_word' id='word_1_195' title='bbox 1368 2954 1636 3036; x_wconf 76' lang='lat' dir='ltr'><strong>dignum.</strong></span> <span class='ocrx_word' id='word_1_196' title='bbox 1725 2955 1834 3016; x_wconf 87' lang='lat' dir='ltr'><strong>Me</strong></span> <span class='ocrx_word' id='word_1_197' title='bbox 1875 2957 2035 3017; x_wconf 90' lang='lat' dir='ltr'><strong>enim</strong></span> <span class='ocrx_word' id='word_1_198' title='bbox 2070 2957 2217 3036; x_wconf 90' lang='lat' dir='ltr'><strong>quia</strong></span> <span class='ocrx_word' id='word_1_199' title='bbox 2254 2957 2575 3017; x_wconf 81' lang='lat' dir='ltr'><strong>revocastis</strong></span> <span class='ocrx_word' id='word_1_200' title='bbox 2612 2957 2821 3018; x_wconf 82' lang='lat' dir='ltr'><strong>eadem</strong></span> <span class='ocrx_word' id='word_1_201' title='bbox 2854 2959 2962 3019; x_wconf 86' lang='lat' dir='ltr'><strong>illa</strong></span> 
     </span>
     <span class='ocr_line' id='line_1_27' title="bbox 1038 3054 2961 3136; baseline 0.002 -22"><span class='ocrx_word' id='word_1_202' title='bbox 1038 3055 1416 3125; x_wconf 86' lang='lat' dir='ltr'><strong>sentientem,</strong></span> <span class='ocrx_word' id='word_1_203' title='bbox 1459 3054 1542 3114; x_wconf 93' lang='lat' dir='ltr'><strong>ob</strong></span> <span class='ocrx_word' id='word_1_204' title='bbox 1585 3073 1723 3134; x_wconf 78' lang='lat' dir='ltr'><strong>quae</strong></span> <span class='ocrx_word' id='word_1_205' title='bbox 1753 3073 1917 3114; x_wconf 84' lang='lat' dir='ltr'><strong>eram</strong></span> <span class='ocrx_word' id='word_1_206' title='bbox 1952 3073 2033 3114; x_wconf 86' lang='lat' dir='ltr'><strong>ex</strong></span> <span class='ocrx_word' id='word_1_207' title='bbox 2070 3055 2217 3114; x_wconf 87' lang='lat' dir='ltr'><strong>urbe</strong></span> <span class='ocrx_word' id='word_1_208' title='bbox 2258 3055 2510 3133; x_wconf 83' lang='lat' dir='ltr'><strong>ejectus,</strong></span> <span class='ocrx_word' id='word_1_209' title='bbox 2532 3055 2961 3136; x_wconf 83' lang='lat' dir='ltr'><strong>amplissimum</strong></span> 
     </span>
     <span class='ocr_line' id='line_1_28' title="bbox 1039 3151 2961 3234; baseline 0.003 -24"><span class='ocrx_word' id='word_1_210' title='bbox 1039 3152 1318 3232; x_wconf 79' lang='lat' dir='ltr'><strong>praebetis</strong></span> <span class='ocrx_word' id='word_1_211' title='bbox 1359 3151 1782 3223; x_wconf 84' lang='lat' dir='ltr'><strong>testimonium,</strong></span> <span class='ocrx_word' id='word_1_212' title='bbox 1830 3159 1961 3212; x_wconf 86' lang='lat' dir='ltr'><strong>tum</strong></span> <span class='ocrx_word' id='word_1_213' title='bbox 2002 3171 2240 3231; x_wconf 89' lang='lat' dir='ltr'><strong>quoque</strong></span> <span class='ocrx_word' id='word_1_214' title='bbox 2278 3153 2329 3212; x_wconf 85' lang='lat' dir='ltr'><strong>si</strong></span> <span class='ocrx_word' id='word_1_215' title='bbox 2371 3153 2521 3234; x_wconf 87' lang='lat' dir='ltr'><strong>quid</strong></span> <span class='ocrx_word' id='word_1_216' title='bbox 2562 3151 2871 3226; x_wconf 82' lang='lat' dir='ltr'><strong>acciderit,</strong></span> <span class='ocrx_word' id='word_1_217' title='bbox 2897 3155 2961 3216; x_wconf 85' lang='lat' dir='ltr'><strong>id</strong></span> 
     </span>
     <span class='ocr_line' id='line_1_29' title="bbox 1039 3247 2963 3328; baseline 0.004 -21"><span class='ocrx_word' id='word_1_218' title='bbox 1039 3247 1366 3319; x_wconf 86' lang='lat' dir='ltr'><strong>innocenti,</strong></span> <span class='ocrx_word' id='word_1_219' title='bbox 1392 3249 1683 3328; x_wconf 81' lang='lat' dir='ltr'><strong>vobisque</strong></span> <span class='ocrx_word' id='word_1_220' title='bbox 1707 3249 1929 3320; x_wconf 86' lang='lat' dir='ltr'><strong>invitis,</strong></span> <span class='ocrx_word' id='word_1_221' title='bbox 1951 3248 2260 3311; x_wconf 83' lang='lat' dir='ltr'><strong>accidisse.</strong></span> <span class='ocrx_word' id='word_1_222' title='bbox 2330 3249 2621 3312; x_wconf 86' lang='lat' dir='ltr'><strong>Inimicos</strong></span> <span class='ocrx_word' id='word_1_223' title='bbox 2646 3260 2847 3322; x_wconf 80' lang='lat' dir='ltr'><strong>autem</strong></span> <span class='ocrx_word' id='word_1_224' title='bbox 2872 3255 2963 3316; x_wconf 89' lang='lat' dir='ltr'><strong>sic</strong></span> 
     </span>
     <span class='ocr_line' id='line_1_30' title="bbox 1037 3343 2961 3429; baseline 0.004 -26"><span class='ocrx_word' id='word_1_225' title='bbox 1037 3343 1344 3404; x_wconf 85' lang='lat' dir='ltr'><strong>ulciscitur</strong></span> <span class='ocrx_word' id='word_1_226' title='bbox 1368 3346 1498 3405; x_wconf 79' lang='lat' dir='ltr'><strong>haec</strong></span> <span class='ocrx_word' id='word_1_227' title='bbox 1523 3365 1662 3406; x_wconf 88' lang='lat' dir='ltr'><strong>mea</strong></span> <span class='ocrx_word' id='word_1_228' title='bbox 1682 3347 2000 3416; x_wconf 86' lang='lat' dir='ltr'><strong>restitutio,</strong></span> <span class='ocrx_word' id='word_1_229' title='bbox 2028 3355 2096 3406; x_wconf 92' lang='lat' dir='ltr'><strong>ut</strong></span> <span class='ocrx_word' id='word_1_230' title='bbox 2118 3349 2171 3406; x_wconf 87' lang='lat' dir='ltr'><strong>si</strong></span> <span class='ocrx_word' id='word_1_231' title='bbox 2206 3346 2533 3428; x_wconf 78' lang='lat' dir='ltr'><strong>aliquando</strong></span> <span class='ocrx_word' id='word_1_232' title='bbox 2569 3349 2779 3429; x_wconf 80' lang='lat' dir='ltr'><strong>patriae</strong></span> <span class='ocrx_word' id='word_1_233' title='bbox 2804 3352 2961 3412; x_wconf 76' lang='lat' dir='ltr'><strong>cusi-</strong></span> 
     </span>
     <span class='ocr_line' id='line_1_31' title="bbox 1040 3442 2959 3527; baseline 0.004 -26"><span class='ocrx_word' id='word_1_234' title='bbox 1040 3451 1230 3502; x_wconf 84' lang='lat' dir='ltr'><strong>tatem</strong></span> <span class='ocrx_word' id='word_1_235' title='bbox 1270 3443 1390 3502; x_wconf 88' lang='lat' dir='ltr'><strong>suis</strong></span> <span class='ocrx_word' id='word_1_236' title='bbox 1441 3442 1755 3503; x_wconf 81' lang='lat' dir='ltr'><strong>affectibus</strong></span> <span class='ocrx_word' id='word_1_237' title='bbox 1800 3442 2090 3504; x_wconf 78' lang='lat' dir='ltr'><strong>anteferre</strong></span> <span class='ocrx_word' id='word_1_238' title='bbox 2132 3442 2471 3517; x_wconf 87' lang='lat' dir='ltr'><strong>didicerint,</strong></span> <span class='ocrx_word' id='word_1_239' title='bbox 2519 3445 2593 3506; x_wconf 84' lang='lat' dir='ltr'><strong>iis</strong></span> <span class='ocrx_word' id='word_1_240' title='bbox 2636 3446 2959 3527; x_wconf 86' lang='lat' dir='ltr'><strong>plurimum</strong></span> 
     </span>
     <span class='ocr_line' id='line_1_32' title="bbox 1041 3538 2964 3623; baseline 0.004 -24"><span class='ocrx_word' id='word_1_241' title='bbox 1041 3538 1352 3620; x_wconf 76' lang='lat' dir='ltr'><strong>profutura</strong></span> <span class='ocrx_word' id='word_1_242' title='bbox 1400 3540 1697 3601; x_wconf 80' lang='lat' dir='ltr'><strong>videatur.</strong></span> <span class='ocrx_word' id='word_1_243' title='bbox 1781 3540 1939 3601; x_wconf 86' lang='lat' dir='ltr'><strong>Cum</strong></span> <span class='ocrx_word' id='word_1_244' title='bbox 1976 3541 2137 3601; x_wconf 87' lang='lat' dir='ltr'><strong>enim</strong></span> <span class='ocrx_word' id='word_1_245' title='bbox 2184 3542 2333 3602; x_wconf 86' lang='lat' dir='ltr'><strong>nihil</strong></span> <span class='ocrx_word' id='word_1_246' title='bbox 2380 3563 2552 3623; x_wconf 85' lang='lat' dir='ltr'><strong>aeque</strong></span> <span class='ocrx_word' id='word_1_247' title='bbox 2592 3563 2667 3604; x_wconf 85' lang='lat' dir='ltr'><strong>ac</strong></span> <span class='ocrx_word' id='word_1_248' title='bbox 2710 3544 2964 3606; x_wconf 84' lang='lat' dir='ltr'><strong>honores</strong></span> 
     </span>
     <span class='ocr_line' id='line_1_33' title="bbox 1040 3637 2965 3720; baseline 0.004 -23"><span class='ocrx_word' id='word_1_249' title='bbox 1040 3659 1300 3720; x_wconf 82' lang='lat' dir='ltr'><strong>opesque</strong></span> <span class='ocrx_word' id='word_1_250' title='bbox 1353 3638 1660 3710; x_wconf 77' lang='lat' dir='ltr'><strong>affectent,</strong></span> <span class='ocrx_word' id='word_1_251' title='bbox 1709 3659 1859 3718; x_wconf 87' lang='lat' dir='ltr'><strong>quas</strong></span> <span class='ocrx_word' id='word_1_252' title='bbox 1898 3639 2025 3699; x_wconf 88' lang='lat' dir='ltr'><strong>sine</strong></span> <span class='ocrx_word' id='word_1_253' title='bbox 2060 3637 2233 3701; x_wconf 85' lang='lat' dir='ltr'><strong>vobis</strong></span> <span class='ocrx_word' id='word_1_254' title='bbox 2268 3639 2517 3720; x_wconf 84' lang='lat' dir='ltr'><strong>adipisci</strong></span> <span class='ocrx_word' id='word_1_255' title='bbox 2564 3661 2737 3702; x_wconf 90' lang='lat' dir='ltr'><strong>nemo</strong></span> <span class='ocrx_word' id='word_1_256' title='bbox 2778 3641 2965 3704; x_wconf 76' lang='lat' dir='ltr'><strong>salvis</strong></span> 
     </span>
     <span class='ocr_line' id='line_1_34' title="bbox 1041 3734 2960 3818; baseline 0.004 -24"><span class='ocrx_word' id='word_1_257' title='bbox 1041 3734 1274 3815; x_wconf 81' lang='lat' dir='ltr'><strong>legibus</strong></span> <span class='ocrx_word' id='word_1_258' title='bbox 1309 3743 1538 3816; x_wconf 70' lang='lat' dir='ltr'><strong>potestg</strong></span> <span class='ocrx_word' id='word_1_259' title='bbox 1585 3735 1725 3796; x_wconf 89' lang='lat' dir='ltr'><strong>hinc</strong></span> <span class='ocrx_word' id='word_1_260' title='bbox 1768 3755 2009 3796; x_wconf 85' lang='lat' dir='ltr'><strong>sensum</strong></span> <span class='ocrx_word' id='word_1_261' title='bbox 2050 3756 2406 3816; x_wconf 81' lang='lat' dir='ltr'><strong>cognoscere</strong></span> <span class='ocrx_word' id='word_1_262' title='bbox 2432 3738 2639 3818; x_wconf 89' lang='lat' dir='ltr'><strong>populi</strong></span> <span class='ocrx_word' id='word_1_263' title='bbox 2665 3738 2960 3814; x_wconf 79' lang='lat' dir='ltr'><strong>Romani,</strong></span> 
     </span>
     <span class='ocr_line' id='line_1_35' title="bbox 1038 3832 2963 3915; baseline 0.003 -22"><span class='ocrx_word' id='word_1_264' title='bbox 1038 3832 1368 3914; x_wconf 69' lang='lat' dir='ltr'><strong>eademque</strong></span> <span class='ocrx_word' id='word_1_265' title='bbox 1394 3852 1580 3913; x_wconf 87' lang='lat' dir='ltr'><strong>opera</strong></span> <span class='ocrx_word' id='word_1_266' title='bbox 1614 3833 1947 3913; x_wconf 84' lang='lat' dir='ltr'><strong>perspicere</strong></span> <span class='ocrx_word' id='word_1_267' title='bbox 1967 3833 1989 3868; x_wconf 82' lang='lat'><strong><em>⁷</em></strong></span> <span class='ocrx_word' id='word_1_268' title='bbox 2036 3839 2333 3914; x_wconf 84' lang='lat' dir='ltr'><strong>poterunt,</strong></span> <span class='ocrx_word' id='word_1_269' title='bbox 2362 3833 2586 3915; x_wconf 81' lang='lat' dir='ltr'><strong>qu‘snto</strong></span> <span class='ocrx_word' id='word_1_270' title='bbox 2612 3835 2859 3897; x_wconf 85' lang='lat' dir='ltr'><strong>meliora</strong></span> <span class='ocrx_word' id='word_1_271' title='bbox 2884 3857 2963 3898; x_wconf 84' lang='lat' dir='ltr'><strong>ac</strong></span> 
     </span>
     <span class='ocr_line' id='line_1_36' title="bbox 1041 3929 2959 4017; baseline 0.004 -28"><span class='ocrx_word' id='word_1_272' title='bbox 1041 3929 1384 3990; x_wconf 86' lang='lat' dir='ltr'><strong>honestiora</strong></span> <span class='ocrx_word' id='word_1_273' title='bbox 1411 3931 1549 4001; x_wconf 85' lang='lat' dir='ltr'><strong>sint,</strong></span> <span class='ocrx_word' id='word_1_274' title='bbox 1580 3950 1716 4010; x_wconf 82' lang='lat' dir='ltr'><strong>quae</strong></span> <span class='ocrx_word' id='word_1_275' title='bbox 1746 3929 2085 3991; x_wconf 80' lang='lat' dir='ltr'><strong>volentibus</strong></span> <span class='ocrx_word' id='word_1_276' title='bbox 2108 3940 2173 3992; x_wconf 87' lang='lat' dir='ltr'><strong>et</strong></span> <span class='ocrx_word' id='word_1_277' title='bbox 2196 3932 2519 3993; x_wconf 86' lang='lat' dir='ltr'><strong>scientibus</strong></span> <span class='ocrx_word' id='word_1_278' title='bbox 2543 3933 2737 4008; x_wconf 82' lang='lat' dir='ltr'><strong>vobis,</strong></span> <span class='ocrx_word' id='word_1_279' title='bbox 2771 3955 2959 4017; x_wconf 88' lang='lat' dir='ltr'><strong>quam</strong></span> 
     </span>
     <span class='ocr_line' id='line_1_37' title="bbox 1041 4025 1863 4107; baseline 0.004 -23"><span class='ocrx_word' id='word_1_280' title='bbox 1041 4044 1179 4105; x_wconf 79' lang='lat' dir='ltr'><strong>quae</strong></span> <span class='ocrx_word' id='word_1_281' title='bbox 1213 4025 1481 4107; x_wconf 83' lang='lat' dir='ltr'><strong>deceptis</strong></span> <span class='ocrx_word' id='word_1_282' title='bbox 1506 4027 1863 4088; x_wconf 85' lang='lat' dir='ltr'><strong>obtinentur.</strong></span> 
     </span>
    </p>

    <p class='ocr_par' dir='ltr' id='par_1_8' title="bbox 1044 4121 2958 4303">
     <span class='ocr_line' id='line_1_38' title="bbox 1063 4121 2955 4196; baseline 0.003 -15"><span class='ocrx_word' id='word_1_283' title='bbox 1063 4183 1077 4195; x_wconf 54' lang='grc'>,</span> <span class='ocrx_word' id='word_1_284' title='bbox 1125 4127 1228 4182; x_wconf 85' lang='grc'><strong>60.</strong></span> <span class='ocrx_word' id='word_1_285' title='bbox 1270 4132 1289 4160; x_wconf 90' lang='lat'>‘</span> <span class='ocrx_word' id='word_1_286' title='bbox 1312 4121 1446 4184; x_wconf 88' lang='lat' dir='ltr'><strong>Vos</strong></span> <span class='ocrx_word' id='word_1_287' title='bbox 1469 4132 1689 4194; x_wconf 86' lang='lat' dir='ltr'><strong>autem,</strong></span> <span class='ocrx_word' id='word_1_288' title='bbox 1718 4123 2006 4196; x_wconf 74' lang='lat' dir='ltr'><strong>Quirites,</strong></span> <span class='ocrx_word' id='word_1_289' title='bbox 2036 4123 2151 4185; x_wconf 90' lang='lat' dir='ltr'><strong>hoc</strong></span> <span class='ocrx_word' id='word_1_290' title='bbox 2177 4124 2340 4186; x_wconf 78' lang='lat' dir='ltr'><strong>facto</strong></span> <span class='ocrx_word' id='word_1_291' title='bbox 2376 4123 2797 4188; x_wconf 83' lang='lat' dir='ltr'><strong>documentum</strong></span> <span class='ocrx_word' id='word_1_292' title='bbox 2826 4147 2955 4188; x_wconf 87' lang='lat' dir='ltr'><strong>om-</strong></span> 
     </span>
     <span class='ocr_line' id='line_1_39' title="bbox 1044 4217 2958 4303; baseline 0.003 -24"><span class='ocrx_word' id='word_1_293' title='bbox 1044 4217 1218 4280; x_wconf 84' lang='lat' dir='ltr'><strong>uibus</strong></span> <span class='ocrx_word' id='word_1_294' title='bbox 1267 4219 1542 4300; x_wconf 77' lang='lat' dir='ltr'><strong>gentibus</strong></span> <span class='ocrx_word' id='word_1_295' title='bbox 1583 4219 1961 4293; x_wconf 85' lang='lat' dir='ltr'><strong>exhibuistis,</strong></span> <span class='ocrx_word' id='word_1_296' title='bbox 2012 4221 2302 4303; x_wconf 86' lang='lat' dir='ltr'><strong>populum</strong></span> <span class='ocrx_word' id='word_1_297' title='bbox 2338 4221 2681 4285; x_wconf 85' lang='lat' dir='ltr'><strong>Romanum</strong></span> <span class='ocrx_word' id='word_1_298' title='bbox 2724 4223 2958 4286; x_wconf 83' lang='lat' dir='ltr'><strong>etiamsi</strong></span> 
     </span>
    </p>
   </div>
   <div class='ocr_carea' id='block_1_6' title="bbox 1433 4417 2562 4488">
    <p class='ocr_par' dir='ltr' id='par_1_9' title="bbox 1433 4417 2562 4488">
     <span class='ocr_line' id='line_1_40' title="bbox 1433 4417 2562 4488; baseline 0.001 -16"><span class='ocrx_word' id='word_1_299' title='bbox 1433 4421 1466 4472; x_wconf 83' lang='grc'><strong>7</strong></span> <span class='ocrx_word' id='word_1_300' title='bbox 1501 4417 1857 4472; x_wconf 70' lang='lat' dir='ltr'><strong>Desidet-atur</strong></span> <span class='ocrx_word' id='word_1_301' title='bbox 1878 4435 2021 4488; x_wconf 77' lang='lat' dir='ltr'><strong>opera</strong></span> <span class='ocrx_word' id='word_1_302' title='bbox 2043 4419 2097 4474; x_wconf 82' lang='lat' dir='ltr'><strong>in</strong></span> <span class='ocrx_word' id='word_1_303' title='bbox 2120 4419 2241 4474; x_wconf 81' lang='lat' dir='ltr'><strong>edd.</strong></span> <span class='ocrx_word' id='word_1_304' title='bbox 2262 4427 2384 4474; x_wconf 77' lang='lat' dir='ltr'><strong>ante</strong></span> <span class='ocrx_word' id='word_1_305' title='bbox 2407 4421 2562 4474; x_wconf 74' lang='lat' dir='ltr'><strong>crov-</strong></span> 
     </span>
    </p>
   </div>
  </div>
 </body>
</html>
