3225 5242
838 590 847 595 .
878 550 1088 601 ιιιιιιι
1138 550 1293 601 nvn.
1334 549 1982 601 suessanum-uu.
2363 532 2540 599 4079

391 700 495 755 28.
542 692 691 755 Hac
708 692 1021 775 disciplina
1044 694 1366 807 perfectum
1392 692 1634 757 tandem
1666 702 1778 765 est,
1819 702 1908 766 ut,
1944 712 2080 753 cum
2107 713 2212 753 ne-

304 810 427 869 que
454 792 711 861 numeri,
736 810 847 852 nec
869 791 1136 853 audaciae
1158 802 1223 853 et
1243 792 1454 852 virium
1480 791 1806 873 poeniteret,
1830 788 2218 851 clandestinis

306 908 417 967 per
440 889 813 949 occasionem
846 887 1159 967 colloquiis
1179 888 1257 949 de
1280 886 1640 949 vindicanda
1675 887 1952 949 libertate
1989 886 2214 965 cogita-

306 994 465 1045 rent.
551 984 829 1045 ‘servire
854 992 943 1045 tot
968 984 1229 1063 egregios
1243 980 1497 1064 jusenes
1519 986 1728 1073 paucis
1761 992 1826 1045 et
1859 984 2006 1045 luxu
2046 1002 2215 1043 ener-

306 1081 470 1141 vatis
493 1080 851 1151 hominibus,
876 1099 993 1141 non
1020 1080 1205 1159 meg-is
1226 1101 1289 1141 re
1324 1081 1747 1162 importunum,
1773 1100 1954 1161 quam
1991 1080 2218 1141 ratione

308 1176 637 1237 absurdum
676 1198 820 1238 esse.
905 1176 1051 1239 Non
1100 1198 1165 1237 se
1212 1186 1423 1238 natura
1458 1176 1778 1239 deteriores
1817 1177 1970 1249 aliis,
2011 1176 2116 1237 sed
2157 1178 2218 1239 vi

310 1273 470 1333 banc
498 1274 559 1333 in
587 1272 977 1334 conditionem
1003 1274 1267 1345 adactos,
1292 1274 1413 1335 vim
1436 1294 1571 1335 eum
1598 1274 1722 1335 alia
1746 1274 1808 1335 vi
1831 1274 2137 1356 repellere,
2159 1282 2221 1334 et

308 1370 479 1429 exire
518 1370 724 1450 inique
762 1370 1006 1451 imperia
1047 1370 1405 1431 vindicando
1442 1390 1507 1431 se
1552 1372 1613 1431 in
1655 1369 1990 1431 libertatem
2033 1388 2218 1451 pone.
2347 1390 2352 1399 ·

311 1464 421 1527 Ne
463 1468 727 1547 gentium
752 1467 993 1549 quidem
1026 1469 1169 1547 jure
1210 1488 1407 1529 secum
1440 1467 1518 1529 ab
1542 1467 1874 1527 inhumanis
1906 1466 2061 1527 heris
2098 1467 2220 1545 agi,

312 1562 477 1643 quod
520 1564 727 1645 utique
768 1584 979 1645 operas
1017 1571 1080 1625 et
1122 1546 1469 1644 obsequium
1520 1564 1724 1636 servis,
1769 1562 1876 1623 sed
1919 1570 2118 1623 tamen
2159 1570 2224 1623 et

312 1662 647 1721 necesaria
694 1660 1015 1723 tolerandae
1053 1660 1195 1721 vitae
1242 1660 1592 1742 reliquisset.
1675 1660 1772 1721 At
1818 1680 1883 1719 se
1933 1659 2223 1719 deteriore

313 1756 451 1819 loco
476 1756 640 1838 apud
662 1756 949 1828 dominos,
976 1778 1155 1839 quam
1182 1760 1461 1839 jumenta
1484 1767 1589 1819 aut
1623 1778 1823 1829 canes,
1857 1776 2002 1817 esse.
2085 1756 2221 1817 Sibi

313 1872 610 1915 erumnas
658 1853 1059 1916 intolerabiles
1107 1854 1502 1936 perferendas,
1550 1854 1668 1915 sibi
1725 1852 2114 1917 contumelias
2159 1861 2224 1914 et

310 1952 545 2011 als-ocia
556 1952 803 2011 verbera
824 1951 1229 2033 perpetienda,
1255 1952 1423 2013 nullo
1446 1971 1638 2031 neque
1663 1950 1780 2011 fine
1807 1971 1998 2032 neque
2021 1948 2220 2021 modo,

312 2048 425 2109 nisi
450 2066 631 2128 quem
657 2048 927 2109 herorum
962 2048 1229 2109 immanis
1266 2047 1453 2110 libido
1479 2038 1842 2111 dictavisset.
1925 2048 2222 2107 Praestnre

310 2142 495 2204 semel
522 2164 627 2225 per
648 2145 926 2205 virtutem
950 2144 1120 2216 mori,
1146 2163 1325 2225 qnam
1364 2165 1467 2226 per
1506 2152 1599 2206 tot
1635 2144 1929 2227 supplicia
1949 2146 2222 2205 miseram

312 2240 679 2322 invisamque
704 2242 889 2303 vitam
910 2240 1147 2303 ducere.

393 2342 499 2398 29.
543 2336 791 2398 ‘Licere
839 2346 1041 2397 tamen
1092 2346 1155 2399 et
1204 2297 1415 2399 melius
1461 2340 1736 2410 ominari,
1794 2336 2220 2420 reputantibus,

312 2442 463 2515 quot
496 2443 561 2494 et
584 2434 795 2515 quales
826 2444 1035 2495 contra
1058 2455 1207 2515 quos
1238 2444 1437 2497 essent
1457 2456 1626 2498 arma
1647 2436 1912 2497 sumturi.
1995 2433 2224 2495 Paucis

311 2540 375 2589 et
399 2529 635 2591 luxun'a
658 2528 1079 2602 diffluentibus,
1104 2541 1249 2612 quot
1284 2534 1435 2593 servi
1476 2532 1689 2604 forent,
1715 2541 1806 2593 tot
1829 2532 2030 2593 hostes
2061 2528 2218 2590 futu-

312 2647 445 2687 ros:
486 2647 679 2709 eoque
718 2630 992 2699 acrioreS,
1026 2627 1186 2709 quod
1222 2637 1288 2690 et
1320 2629 1592 2690 laborum
1631 2630 1922 2711 patientia
1957 2626 2134 2694 adsit,
2161 2635 2222 2686 et

312 2724 611 2785 maximus
650 2726 797 2785 inter
832 2725 1112 2787 mortales
1144 2724 1419 2787 stimulus
1454 2726 1873 2807 recuperanda
1909 2722 2218 2784 libertatis.

314 2820 523 2883 Etiam
561 2820 887 2903 aliquando
930 2823 1291 2885 sermonibus
1332 2844 1396 2883 se
1444 2823 1768 2885 interl-'uine
1819 2822 2216 2891 referentium,

310 2919 547 3000 quoties
566 2920 751 2980 servis
772 2918 1059 2981 rebellare
1084 2920 1239 2981 ausis
1262 2919 1501 2981 fortune,
1523 2920 1783 2981 favisset.
1868 2918 2014 2980 Non
2043 2916 2218 2997 longe

312 3014 533 3076 abhinc
570 3016 782 3089 abest,’
822 3017 1087 3089 aiebant,
1137 3016 1447 3090 ‘Etruria,
1484 3020 1660 3099 cujus
1697 3036 1972 3097 magnum
2014 3018 2219 3077 urbem
2242 3026 2408 3091 ειμι
2416 3031 2548 3081 πη.

313 3111 637 3174 Volsinios.
662 3114 987 3195 aliquando
1022 3116 1200 3185 servi,
1224 3113 1477 3183 dominis
1511 3116 1794 3187 subactis,
1819 3113 2090 3175 dicuntur
2129 3121 2217 3173 te·
2241 3091 2334 3207 &J
2313 3092 2460 3206 ζ’ἓῗ·
2462 3108 2548 3207 Jd:

314 3229 527 3271 nume.
610 3210 769 3272 Cum
810 3210 1053 3293 Scythis
1086 3210 1239 3273 servi
1277 3211 1648 3273 dominamur
1685 3212 1884 3273 mariti
1924 3217 2258 3290 gesserunt
2243 3236 2294 3269 m
2315 3222 2390 3270 En
2359 3232 2518 3287 n.tr0p

313 3328 490 3389 equo
544 3308 745 3371 Marte
794 3308 1037 3372 bellum.
1125 3309 1341 3391 Tyrios
1386 3310 1732 3373 deleverunt
1779 3328 1901 3371 snae
1951 3310 2216 3382 familiae,
2245 3291 2460 3401 ’ᾖξ’

312 3404 628 3487 ductisque
652 3406 857 3469 itidem
877 3427 1077 3468 eorum
1096 3410 1403 3481 uxoribus,
1422 3409 1571 3469 alios
1588 3417 1970 3489 procrearunt
1985 3406 2216 3488 Tyrios.
2244 3429 2407 3464 xvm.
2426 3418 2476 3473 ⁸.

314 3498 449 3564 Sibi
488 3523 726 3587 quoque
766 3525 887 3566 non
924 3504 1351 3587 desperandam
1392 3506 1647 3567 similem
1680 3494 2000 3576 formiam,
2043 3504 2220 3566 simul

312 3598 405 3661 his
426 3605 533 3681 qui
560 3602 713 3663 hanc
736 3611 929 3663 essent
952 3602 1153 3683 adepti
1176 3603 1399 3665 similes
1422 3624 1550 3665 esse
1574 3604 1927 3685 coepissent!

392 3704 499 3759 30.
544 3697 672 3759 His
693 3700 845 3760 inter
879 3720 945 3761 se
980 3702 1343 3761 sermonibus
1366 3700 1666 3774 incitatos,
1690 3702 1949 3761 maxime
1975 3700 2216 3781 quidam
2275 3710 2520 3765 Ammius.

314 3794 527 3857 Eunus
546 3797 857 3876 permovit,
884 3796 1149 3877 ‘placere
1172 3796 1309 3857 Diis
1328 3798 1664 3869 consilium,
1683 3807 1747 3858 et
1766 3816 1942 3878 opem
1965 3798 2218 3877 ipsorum
2238 3776 2458 3891 ΜὛῙΙ·

312 3893 533 3954 affore’
574 3892 971 3974 praedicaudo.
1056 3892 1155 3953 De
1174 3912 1293 3974 quo
1318 3894 1576 3965 homine,
1596 3895 1742 3975 quin
1765 3894 1916 3954 tanti
1940 3891 2220 3973 deinceps
2241 3904 2334 3955 Plu
2337 3914 2375 3955 ι.
2393 3906 2542 3973 syna.

312 3990 465 4051 belli
488 4010 605 4051 non
634 3990 797 4051 aliud
824 3992 1055 4052 initium
1094 3992 1231 4065 suit,
1272 3994 1447 4075 plura
1469 3994 1728 4055 dicende
1763 4002 1922 4064 sunt,
1955 4002 2024 4053 ut
2062 3992 2216 4053 ludi-

310 4088 505 4147 brium
552 4106 743 4147 rerum
786 4087 1195 4159 humanarum,
1240 4099 1304 4150 et
1346 4109 1577 4151 summa
1614 4110 1868 4172 quaeque
1913 4108 2092 4170 qusm
2137 4090 2216 4150 ab

310 4184 551 4261 exiguis
598 4184 837 4243 concuti
884 4183 1127 4265 possint,
1177 4184 1411 4266 plenius
1460 4196 1750 4248 noscatur.
1853 4186 2042 4268 Syrus
2089 4193 2218 4246 erat
2241 4217 2393 4269 Diod.

314 4280 581 4349 natione,
604 4298 682 4341 ex
711 4278 1029 4360 Apameno
1070 4300 1234 4361 agro,
1272 4284 1732 4365 servitutemque
1769 4284 1932 4364 apud
1959 4283 2216 4362 Antige-

312 4396 445 4435 nem
478 4376 671 4435 Ennae
694 4376 1061 4437 habitantem
1078 4380 1395 4443 serviebat.
1460 4380 1590 4442 Hic
1612 4402 1750 4443 cum
1776 4382 2024 4461 magicae
2049 4380 2216 4439 vani·
