3225 5242
733 586 944 637 unm
996 586 1226 638 mxxi.
1273 586 1925 639 surrnnnnu‘rmr.
2035 541 2043 551 ¹
2106 570 2111 577 ’
2262 567 2441 644 4427

203 727 468 801 nomino,
501 726 608 791 sed
633 728 792 802 ideo,
819 750 896 791 ne
935 738 1156 791 temere
1191 730 1468 793 credatur
1493 730 1717 791 homini
1744 728 2118 812 spurcissima

207 826 554 888 adulatione
587 826 822 889 tradere
857 828 1254 909 paratissimo,
1282 828 1569 911 quicquid
1603 829 1853 889 Tiberio
1887 828 2117 889 Caesari

205 926 502 1008 matrique
541 928 672 1007 ejus
717 924 928 997 Livioe,
975 947 1158 1006 genus
1197 926 1275 987 ed
1315 928 1470 987 bunc
1511 926 1775 989 Drusum
1816 926 2117 987 referenti-

189 1023 348 1095 .bus,
379 1032 612 1103 gratum
642 1022 770 1084 fore
803 1024 1172 1085 credidisset.
1255 1024 1353 1086 At
1386 1046 1506 1105 ego
1532 1025 1797 1085 Drusum
1834 1025 1929 1085 M.
1961 1024 2117 1087 Livii
2177 1028 2249 1077 Di
2250 1028 2330 1079 od.
2345 1044 2426 1095 sp·

205 1120 540 1181 consularis
580 1130 760 1203 atque
797 1122 1170 1205 triumphalis
1201 1122 1312 1183 viri
1351 1122 1540 1183 filium
1567 1123 1758 1185 multa
1792 1123 2117 1194 laudanda,
2143 1095 2313 1145 νύξ’

209 1240 333 1281 ιιοιι
360 1220 484 1279 sine
509 1219 771 1280 mixtura
795 1240 1140 1300 magnorum
1171 1222 1480 1293 vitiorum,
1499 1222 1773 1281 habuisse
1800 1222 2119 1305 comperio.

209 1317 252 1377 J
255 1318 440 1377 uveni
469 1317 756 1377 eximium
797 1316 1001 1399 populi
1046 1316 1336 1391 favorem,
1378 1338 1668 1400 paresque
1702 1317 1946 1381 divitias
1985 1320 2123 1379 reli·

208 1423 428 1495 querat
451 1424 654 1496 pater:
693 1416 911 1495 quibus
945 1416 1122 1475 rebus
1146 1414 1252 1477 ille
1279 1415 1663 1489 facundiam,¹
1684 1426 1747 1477 et
1779 1417 1840 1477 in
1880 1417 2123 1497 promit-

209 1513 398 1575 tendo
427 1512 606 1573 fidem
633 1532 770 1573 cum
799 1512 1136 1593 adjecisset,
1163 1523 1226 1574 et
1252 1534 1360 1595 pro
1381 1524 1583 1576 cetera
1618 1514 1969 1575 claritudine
1996 1514 2122 1573 ani-

209 1633 380 1673 mum
423 1632 664 1693 quoqne
709 1612 990 1682 haberet3
1043 1632 1218 1673 nemo
1261 1614 1336 1673 iis
1373 1613 1740 1695 temporibus
1778 1612 1911 1685 fuit,
1954 1616 2128 1694 cujus

210 1711 548 1791 patrocinio
599 1710 944 1792 amplissimi
999 1710 1224 1771 ordinis
1274 1710 1534 1791 dignitas
1575 1713 1792 1773 rectius
1848 1711 2129 1773 concredi

211 1828 390 1889 posse
427 1808 746 1869 videretur.
1148 1836 1158 1849 ·

303 1912 404 1966 26.
448 1904 789 1987 Superbum
823 1914 1046 1979 tamen,
1070 1848 1418 1968 dominandi
1449 1904 1757 1987 cupidum,
1783 1905 2125 1988 praefracte-

213 2012 340 2083 que
363 2012 773 2065 contumacem
799 2003 1005 2077 finisse,
1027 2004 1172 2064 satis
1195 2004 1498 2075 evincunt,
1520 2025 1657 2086 qnoe
1676 2006 1918 2065 minime
1939 2003 2127 2064 ambi-

213 2121 342 2182 gua
364 2111 756 2183 suspectaque
781 2110 1122 2183 sequuntur.
1191 2100 1437 2183 Quippe
1461 2101 1646 2162 taedio
1669 2102 2041 2184 praesentium
2069 2110 2133 2159 et

215 2200 472 2279 ingratis
519 2200 822 2261 hominum
866 2200 1116 2279 judiciis
1184 2200 1549 2279 exagitatus,
1611 2208 1900 2273 senatum,
1951 2218 2131 2280 quem

217 2307 404 2358 antea
453 2299 630 2358 unice
674 2296 1046 2369 defenderat,
1087 2296 1415 2378 despicere,
1463 2297 1639 2377 eique
1694 2297 1963 2357 acerbior
2004 2316 2131 2357 esse

217 2397 440 2477 coepit.
423 2415 438 2429 ·
483 2404 652 2457 tanta
674 2394 918 2476 quidem
944 2395 1316 2477 impotentia,
1341 2404 1412 2455 ut
1436 2394 1763 2475 aliquando
1794 2394 1865 2454 L.
1894 2394 2130 2476 Philip-
2156 2396 2287 2447 Flor-

221 2514 368 2574 pum
410 2493 734 2565 consulem,
779 2492 942 2573 quod
993 2501 1266 2571 agentem
1317 2513 1380 2553 se
1422 2513 1558 2554 cum
1601 2492 1827 2573 populo
1866 2490 2131 2553 interfari

219 2610 404 2652 ausus
435 2600 612 2665 esset,
639 2612 716 2651 ne
749 2592 979 2653 viatore
1015 2592 1282 2672 quidem,
1323 2590 1427 2651 sed
1471 2590 1677 2672 aliquo
1710 2610 1787 2649 ex
1822 2589 2135 2650 clientibus
2190 2593 2265 2644 va
2267 2594 2301 2643 1.
2327 2590 2463 2642 Max.

220 2688 426 2757 misso,
453 2688 512 2747 in
547 2708 844 2750 carcerem
883 2688 1168 2771 rapuerit,
1203 2698 1328 2749 tam
1363 2688 1659 2749 violenter
1698 2690 1937 2749 obtorta
1970 2685 2134 2765 gula,
2162 2674 2238 2707 ¹¹·
2223 2665 2310 2769 ΗΡ

211 2794 298 2847 ut
321 2784 540 2847 multus
559 2806 596 2845 e
623 2786 864 2847 naribus
889 2788 1019 2866 ejus
1043 2787 1281 2865 sanguis
1305 2784 1591 2847 efflueret.
1663 2785 1805 2847 Nec
1831 2786 1945 2846 hoc
1970 2804 2135 2844 acer-

223 2882 532 2942 bissimum
565 2880 712 2951 fuit;
756 2873 860 2942 sed
887 2882 1050 2964 quod
1083 2884 1354 2943 tribunus
1389 2884 1542 2943 inter
1576 2883 1731 2943 hanc
1770 2881 2137 2942 conculcatae
2196 2888 2277 2937 Au
2280 2893 2345 2937 ct.
2366 2887 2437 2935 ἁο

223 2979 558 3058 majestatis
594 2978 920 3039 consularis
953 2978 1366 3058 indignitatem
1395 2980 1633 3040 cavillis
1662 2980 1928 3049 ludebat,
1973 2988 2135 3039 ‘non
2164 2955 2267 3007 var.
2288 2952 2464 3041 illustr.

219 3095 492 3137 cruorem
515 3074 689 3147 illud,
705 3074 810 3135 sed
827 3076 1084 3136 muriam
1101 3075 1178 3135 de
1196 3075 1382 3136 turdis
1407 3096 1550 3135 esse
1545 3074 1946 3136 ’dictitandoz
1978 3073 2139 3153 quod
2196 3084 2275 3133 Pii
2258 3100 2325 3133 ιιι
2346 3098 2427 3136 m.

223 3173 440 3235 consul
489 3172 815 3254 Philippus
853 3172 1021 3234 luxui
1065 3193 1394 3233 mensarum
1434 3172 1616 3255 paulo
1652 3173 2211 3253 intemperantius
2166 3156 2249 3200 ⁶⁴·

227 3270 600 3349 indulgebat.
688 3269 912 3351 Neque
951 3272 1309 3339 reverentior
1352 3271 1416 3330 in
1463 3278 1733 3329 senatum
1771 3270 1908 3341 fuit,
1946 3290 1985 3329 a
2017 3289 2141 3348 quo

227 3376 482 3431 vocatus
507 3367 566 3427 in
585 3366 905 3438 Curiam,‘
927 3366 1138 3434 Quare
1161 3387 1280 3427 non
1307 3367 1430 3449 ipse
1459 3367 1658 3449 potius
1679 3368 1739 3427 in
1768 3365 2142 3435 Hostiliam‚'
2169 3363 2279 3415 th·
2301 3362 2435 3411 Mu.

227 3466 453 3545 inquit,
495 3474 514 3500 ‘
540 3464 934 3545 propinquam
961 3462 1273 3525 Rostris?
1357 3464 1442 3524 Et
1471 3466 1673 3545 paruit
1707 3463 1944 3523 tribuno
1971 3484 2144 3523 sena·
2391 3467 2407 3473 “

229 3572 368 3630 tusg
413 3580 550 3621 cum
575 3568 814 3621 senatus
839 3561 1145 3642 imperium
1187 3580 1294 3641 pro
1331 3560 1472 3621 nihil
1517 3562 1789 3621 tribunus
1827 3561 2145 3620 habuisset.

233 3658 346 3721 Ne
377 3661 511 3740 jam
552 3658 704 3719 illud
743 3658 1001 3719 incivilis
1039 3660 1217 3719 animi
1255 3660 1515 3720 maxime
1554 3663 1612 3719 in
1641 3681 1714 3721 eo
1742 3658 2007 3720 notabile
2031 3659 2146 3737 sig·

82 3834 98 3849 ·
231 3776 378 3817 num
421 3764 595 3827 esset,
634 3754 800 3835 quod
833 3755 1138 3816 obsistenti
1185 3754 1270 3822 Q.
1309 3754 1582 3836 Caepioni
1632 3755 2035 3837 praecipitium.
2070 3752 2147 3816 dc
2208 3754 2350 3803 Auct.
2371 3752 2433 3801 <¹0

233 3874 384 3935 rupe
407 3852 668 3934 Tarpeia
696 3853 1100 3913 interminatus
1124 3860 1234 3912 est.
2174 3818 2279 3869 Vir.
2296 3817 2483 3871 Ina-tt.

319 3956 424 4015 27.
479 3949 576 4011 At
624 3951 790 4021 socii,
839 3950 1053 4031 quibus
1099 3946 1490 4030 adipiscendae
1533 3948 1797 4011 civitatis
1845 3946 2148 4029 cupidine,

235 4066 406 4110 mora
446 4046 634 4107 omnis
677 4046 861 4107 nimia
899 4044 1239 4118 videbatur,
1277 4046 1682 4125 rogationibus
1709 4064 1859 4125 quas
1884 4044 2151 4105 voluerat
2175 4064 2301 4113 1:10¹,

241 4144 501 4216 Drusus,
529 4144 788 4225 ipsorum
809 4143 1073 4203 maximo
1091 4142 1296 4205 studio
1323 4142 1587 4224 perlatis,
1615 4140 1945 4206 mercedem
1966 4160 2150 4201 nava-

237 4250 322 4302 tae
368 4261 564 4322 operae
603 4240 1114 4321 impatientissime
1161 4238 1531 4318 flagitabant.
1627 4238 1867 4299 Idcirco
1896 4236 2149 4309 Drusus,

239 4338 380 4399 hinc
409 4337 808 4419 prementibus
834 4336 1030 4409 Italis,
1059 4335 1196 4397 inde
1223 4344 1352 4397 tota
1377 4336 1677 4398 resistente
1702 4334 1971 4406 civitate,
1992 4342 2151 4443 post·
2176 4332 2267 4445 Εἴ
2242 4332 2437 4397 ν·ΕΡῒ*·

242 4456 424 4516 quem
463 4434 607 4495 nihil
648 4433 812 4495 aliud
839 4434 1168 4513 fatigand0‚
1196 4442 1407 4515 praeter
1441 4435 1705 4494 omnium
1742 4432 1903 4505 odia,
1939 4432 2149 4512 quoesi-
2178 4462 2287 4513 vi,
2209 4398 2363 4511 Auffi
2367 4396 2480 4511 „⁶:³2-
2518 4465 2525 4481 ι
