3225 5242
710 542 923 594 umu
976 543 1224 597 nxvn.
1267 544 1918 599 surrnsunsrun.
2053 608 2061 613 ,
2259 534 2440 603 482⁸

194 694 495 749 summoto
517 683 597 749 de
622 688 837 749 ceteris
858 708 1047 771 poenae
1072 686 1249 751 facile
1273 698 1505 751 sumtae.
1586 688 1922 773 Apollonio
1957 688 2110 753 fides

192 792 437 847 servata
458 792 571 847 est.

280 890 385 945 la.
435 880 677 943 Interea
702 881 779 944 C.
819 883 1076 957 Marius,
1114 904 1253 945 eum
1290 904 1370 945 ex
1407 884 1597 945 literis
1635 886 2108 964 magistratuum,
2131 890 2264 941 Plut.
2285 892 2417 943 Mar.

195 981 349 1061 quid
375 981 453 1043 de
478 1000 585 1043 suo
608 980 922 1041 consulatu
946 989 1101 1041 esset
1122 990 1352 1052 aetum,
1376 980 1770 1059 cognovisset,
1809 990 2110 1043 maturata
2161 989 2279 1038 Sall.
2293 988 2412 1055 Jug.

194 1077 564 1159 profectione
600 1078 769 1139 venit
808 1078 870 1137 in
897 1076 1166 1149 Italiam,
1200 1087 1265 1139 et
1298 1086 1437 1139 ante
1462 1078 1622 1139 diem
1652 1077 1963 1140 Kalendas
1995 1078 2106 1139 Ja-
2131 1060 2343 1171 ονοῗέιῃ
2357 1123 2444 1173 18.

194 1176 444 1236 nuarias
475 1176 683 1235 urbem
708 1173 888 1234 simul
906 1175 1292 1257 triumphans,
1317 1174 1493 1235 simul
1517 1174 1756 1255 collega
1783 1174 1860 1235 C.
1891 1175 2108 1236 Flavio
2433 1200 2438 1207 ·

196 1270 475 1332 Fimbria
511 1271 885 1331 consulatum
924 1270 1089 1331 init?
1170 1269 1249 1331 In
1283 1290 1359 1331 eo
1390 1272 1692 1351 triumpho
1722 1270 2106 1350 Jugurtham,
2131 1282 2242 1333 Ην.
2268 1282 2406 1343 Epit.

192 1368 305 1447 qui
333 1366 740 1429 Numidarum
764 1386 874 1428 rex
898 1366 1115 1440 fuerat,
1136 1387 1275 1427 eum
1292 1366 1525 1427 duobus
1540 1365 1684 1427 filiis
1705 1376 1844 1429 ante
1871 1388 2108 1429 currum
2131 1347 2432 1477 ῃῖξῇῗψ

193 1465 349 1542 egit.
430 1464 593 1525 Auri
610 1483 733 1545 prae
752 1484 817 1525 se
842 1466 961 1525 tria
984 1463 1181 1526 millia
1200 1472 1265 1523 et
1288 1474 1515 1545 septem
1542 1463 1744 1545 pondo
1761 1472 1785 1501 ⁰
1823 1464 1964 1525 ferri
1971 1468 2106 1545 jus·
2131 1476 2190 1525 P·
2224 1477 2276 1526 b.
2292 1476 2402 1525 An.

192 1562 319 1621 sit:
391 1562 617 1641 argenti
670 1560 878 1622 infecti
924 1560 1127 1643 pondo
1174 1562 1439 1641 quinque
1490 1561 1686 1621 millia
1734 1562 2111 1643 septingenta
2131 1492 2370 1657 {55⁵2

192 1659 577 1740 septuaginta
601 1658 901 1739 quinque:
943 1657 1159 1737 signati
1184 1657 1562 1719 denariorum
1580 1660 1604 1696 ³
1647 1657 1911 1719 ducenta
1942 1669 2109 1721 octo-

195 1756 375 1835 ginta
390 1766 619 1836 septem
640 1755 853 1817 millia.

280 1858 387 1913 19.
428 1852 711 1913 Ceterum
754 1852 868 1913 ista
904 1861 1027 1913 tum
1067 1870 1305 1933 quoque
1342 1851 1572 1912 leviora
1608 1851 1740 1913 visa
1777 1862 1937 1924 sunt,
1983 1872 2112 1915 om-

197 1946 369 2008 nium
406 1948 471 2009 in
505 1947 547 2006 J
550 1949 805 2028 ugurtha
848 1949 1226 2030 stupentibus
1264 1947 1475 2009 oeulis.
1538 1957 1557 1985 ‘
1582 1947 1826 2021 Virum,
1853 1950 1979 2011 sive
1999 1971 2111 2033 po-

196 2045 471 2117 tentiam,
510 2047 637 2106 sive
672 2046 947 2127 peritiam
986 2045 1136 2106 belli
1178 2055 1436 2127 spectes,
1479 2066 1593 2107 avo
1632 2047 1957 2109 Masinissa
1992 2070 2111 2112 non

196 2143 514 2216 minorem,
550 2162 743 2224 neque
778 2144 971 2223 magis
1004 2142 1161 2205 ferro
1196 2164 1381 2225 quam
1406 2163 1552 2204 auro
1586 2145 1989 2217 metuendum,
2016 2166 2109 2207 re·

197 2248 383 2319 pente
409 2240 487 2301 de
506 2260 734 2301 summo
754 2261 946 2301 rerum
966 2240 1357 2301 humanarum
1376 2239 1638 2301 eulmine
1665 2240 1744 2301 ad
1771 2242 2110 2303 misen-imm

194 2337 379 2396 sortis
414 2346 685 2398 extrema
726 2338 1029 2417 dejectum
1046 2336 1063 2367 '
1120 2336 1538 2419 loquebantur.
1605 2346 1626 2373 ‘
1647 2336 1798 2399 Esse
1843 2338 2112 2419 profecto

195 2432 491 2494 scelerum
509 2434 749 2495 ultricia
772 2434 1038 2508 numina,
1066 2456 1319 2516 quorum
1344 2434 1668 2497 vindictam
1694 2436 1964 2516 quisquis
1985 2456 2109 2497 me·-

196 2530 407 2600 ruerit‚
460 2530 629 2591 nulla
666 2530 923 2591 humana
960 2534 1083 2612 'ope
1135 2532 1320 2613 possit
1360 2530 1663 2612 effugere?
1742 2530 1955 2612 Atque
1995 2533 2112 2593 boe

192 2628 543 2707 cumprimis
566 2628 631 2687 in
652 2626 945 2691 tradenda
978 2648 1175 2689 rerum
1198 2629 1482 2690 memoria
1504 2628 1656 2691 utile
1679 2649 1807 2689 esse
1833 2629 2112 2702 arbitror,

194 2730 269 2785 ut
304 2724 367 2783 in
390 2722 665 2807 qualibet
686 2724 926 2785 fortuna
962 2725 1115 2785 nihil
1150 2735 1439 2807 appareat
1472 2747 1599 2789 esse
1635 2726 1978 2788 innocentia
2013 2735 2109 2786 tu-

194 2820 355 2880 tius:
396 2820 767 2901 multumque
810 2840 852 2883 a
890 2841 1035 2882 vera
1072 2822 1305 2905 providi
1348 2831 1413 2882 et
1454 2826 1658 2903 magni
1699 2824 1884 2885 animi
1921 2823 2116 2902 gloria

192 2914 539 2992 deflectere,
564 2920 673 3000 qui
697 2940 803 3001 pro
823 2918 1141 3001 prudentia
1159 2918 1555 2981 calliditatem
1573 2929 1900 2993 sectantur,
1920 2929 1985 2982 et
2003 2941 2114 3003 pro

194 3014 423 3077 virtute
446 3016 749 3079 ferociam.
835 3018 1079 3086 Quibus
1100 3025 1263 3077 certe
1284 3018 1461 3078 rebus
1488 3017 1638 3079 nulli
1657 3018 1998 3079 mortalium
2019 3038 2112 3079 se·

194 3111 435 3174 enudus
455 3112 779 3197 Jugurtha,
804 3116 1203 3195 miserabilem
1238 3136 1351 3177 nee
1374 3114 1775 3177 miserandum
1800 3117 1944 3177 vitoe
1977 3115 2112 3177 exi·

196 3218 331 3273 tum
352 3210 519 3275 feeit.
540 3282 547 3289 ,

276 3316 385 3371 20.
424 3308 567 3371 Jam
608 3330 688 3372 ex
723 3332 845 3393 quo
878 3313 1105 3373 eatenis
1128 3312 1449 3392 adopertus
1470 3330 1708 3372 currum
1734 3310 1976 3371 victoris
2000 3328 2109 3370 an·
2131 3324 2266 3381 nor.
2287 3329 2440 3377 nal.
2567 3352 2572 3365 ·

194 3408 465 3483 necessit,
494 3410 749 3471 attonito
775 3418 839 3471 et
861 3410 1122 3491 stupenti
1147 3407 1403 3470 similem
1430 3408 1622 3485 ‘fuisse
1647 3407 1868 3470 ferunt.
1951 3406 2108 3468 Mox
2133 3424 2271 3477 Plut.

194 3506 259 3563 in
284 3524 551 3579 earcere,
576 3526 716 3569 eum
744 3508 823 3567 ab
847 3505 983 3567 aliis
1002 3506 1207 3567 tunica
1229 3506 1523 3567 violenter
1554 3505 1816 3586 direpta,
1852 3504 1932 3565 ab
1973 3503 2112 3566 aliis

194 3602 439 3663 inaures
474 3624 611 3665 eum
644 3606 787 3686 ipsis
816 3602 1095 3666 auriculis
1138 3602 1361 3665 avulsae
1404 3612 1620 3675 essent,
1663 3604 1726 3663 in
1762 3602 1960 3663 locum
1994 3604 2108 3665 eir·
2131 3616 2238 3667 Liv:
2257 3615 2391 3681 Epit.

196 3699 357 3759 citer
391 3698 707 3763 duodecim
738 3700 926 3783 pedes
962 3701 1129 3761 humi
1172 3701 1537 3782 depressum,
1576 3699 1860 3760 Tulliano
1897 3718 2108 3761 nomen
2131 3682 2282 3797 ἐξὲξ
2305 3679 2438 3797 ξῖἑῒ.

2078 3816 2088 3827 0

584 3907 619 3954 8
650 3902 717 3954 In
738 3865 861 3953 edd.
882 3910 1007 3953 ante
1028 3901 1183 3953 Crev.
1201 3900 1425 3953 mario·
1444 3900 1730 3953 invenitur.

262 4145 295 4177 ·
328 4144 399 4197 Α.
416 4144 487 4195 U.
511 4142 573 4195 C·
592 4148 710 4196 048.
746 4144 811 4195 Α.
836 4146 898 4197 C.
931 4150 1049 4197 104.
1188 4151 1339 4208 genta
1350 4145 1656 4210 septuaginta
1670 4141 2108 4209 quinquaMareas

260 4218 287 4246 ⁶
331 4208 465 4261 Am·
494 4224 601 4274 pra
642 4224 693 4259 ne
730 4211 831 4260 tria
870 4212 1025 4261 udaia
1064 4216 1115 4263 et
1193 4216 1343 4263 ⁹⁰28.
1374 4212 1555 4261 uncias
1598 4214 1650 4261 ⁸.
1699 4209 2016 4258 semunciam
2063 4212 2111 4257 1.

190 4280 371 4339 upton
402 4276 582 4343 pondo]
612 4276 823 4326 Mareu
854 4284 1115 4327 nostrates
1194 4276 1517 4329 Des-arimu-
1553 4272 1998 4327 chXXXVfl.
2034 4272 2113 4329 Μ.

190 4344 349 4391 4798.
390 4341 575 4391 unciae
610 4344 661 4389 ⁸.
707 4341 1023 4391 semunciam
1068 4346 1116 4393 1.
1195 4343 1407 4395 Mareu
1424 4344 1575 4395 4484.
1596 4340 1774 4393 uncias
1793 4343 1846 4391 8.
1881 4338 2025 4389 Creo.

194 4406 413 4469 Argenti
436 4439 453 4458 .
470 4436 487 4455 .
509 4439 526 4458 .
540 4406 741 4473 quinque
761 4406 917 4458 millia
934 4407 1115 4473 septin-
