3225 5242
729 541 937 591 muru
992 540 1186 589 exn.
1229 520 1884 591 surranum-uu.
2243 522 2423 589 4213

203 685 282 746 hil
299 682 650 755 venditaret,
679 684 864 745 etiam
895 690 1134 745 senatus
1157 682 1496 745 auctoritati
1511 682 1901 755 detrahendo,
1928 702 2096 743 acer·
2146 676 2323 745 Pomp.

205 784 336 841 rime
359 782 734 841 dissuaserat.
803 779 1062 847 Colonia
1085 778 1344 841 deducte
1367 788 1476 841 est.
1549 774 1769 841 Narbo
1800 756 2091 851 Marcius,
2116 743 2351 859 {12¹4}th
2365 752 2421 798 ⁶·

203 899 240 938 a
261 878 488 937 nomine
511 877 772 939 consulis
797 876 1152 959 appellatus.
2114 872 2248 923 von.
2269 890 2309 923 1·
2336 878 2419 925 1⁵-

275 980 332 1034 a.
377 970 616 1035 [ntem
657 972 736 1033 1..
779 971 1060 1033 emilius
1106 972 1390 1033 Metellus
1423 972 1503 1034 de
1543 971 1847 1033 Dalmatis
1884 972 2091 1032 nium-
2110 944 2249 1051 322:ss
2260 940 2423 1067 ἅμ

203 1070 398 1151 phum,
439 1078 504 1129 et
549 1069 878 1130 Dalmatici
919 1078 1370 1148 cognomentum
1415 1068 1637 1141 retulit,
1684 1068 2089 1151 templumque
2114 1130 2129 1143 ‚
2148 1065 2332 1117 Ancon.
2352 1082 2396 1118 1·

206 1165 456 1226 Castoris
479 1165 558 1225 de
585 1165 880 1226 manubiis
897 1166 1132 1225 struxit.
1173 1164 1472 1225 Auctores
1493 1156 1711 1237 liabeo,
1738 1184 1929 1245 neque
1950 1184 2093 1225 cau-
2114 1130 2365 1260 'ffigffim

203 1282 316 1321 sam
341 1265 470 1341 ejus
494 1262 642 1322 belli
669 1262 876 1334 ullam,
917 1282 1110 1343 neque
1136 1270 1303 1341 gesta
1326 1270 1652 1323 memoratu
1678 1262 1863 1340 dignu
1896 1260 2093 1321 fuisse.
2116 1258 2257 1326 Illyr.

202 1358 444 1418 Tantum
481 1359 858 1441 improbitate
899 1358 1164 1429 Metelli,
1197 1360 1304 1439 qui
1336 1358 1735 1441 triumphandi
1770 1356 2096 1439 cupiditate

201 1462 420 1531 gentem
460 1456 724 1535 quietam
762 1455 930 1516 bello
975 1464 1174 1536 petere
1221 1456 1482 1534 gestiret,
1524 1456 1755 1515 senatui
1794 1452 2095 1513 decretum

201 1560 501 1611 extortmn.
587 1552 689 1613 Ex
724 1572 846 1632 quo
881 1572 1046 1629 arma
1080 1552 1445 1626 inferentem,
1469 1572 1610 1614 cum
1647 1552 1899 1632 benigne
1934 1560 1997 1611 et
2034 1552 2095 1611 in

201 1650 438 1728 speciem
466 1650 634 1731 pacis
657 1669 696 1710 a
724 1649 1027 1711 Dalmatis
1049 1659 1338 1731 exceptus
1368 1660 1544 1722 esset,
1581 1648 1805 1711 Salone
1830 1649 2097 1729 hyberna

201 1746 511 1827 tranquilla
545 1749 832 1827 exegisse,
883 1756 1204 1829 posteaque
1254 1747 1522 1808 Romam
1561 1766 1876 1817 reversum,
1925 1744 2095 1806 nullu

201 1846 410 1923 majore
438 1864 504 1904 re
531 1853 719 1925 gestu,
745 1846 1148 1927 triumphasse.
1232 1844 1456 1925 Neque
1477 1864 1572 1905 me
1595 1844 1773 1923 fugit,
1789 1841 2093 1903 declinan-

199 1944 346 2002 tibus
367 1944 479 2004 sub
516 1962 592 2003 ea
627 1953 897 2025 tempora
929 1945 1210 2015 moribus,
1249 1942 1410 2004 haud
1443 1944 1641 2004 miuus
1673 1930 2095 2021 nonuunquam

201 2039 523 2112 ambitioni,
569 2060 750 2121 quum
791 2042 998 2101 virtuti
1033 2040 1164 2101 dari
1203 2040 1468 2122 coepisse.
1552 2038 1845 2100 Nondum
1894 2048 2093 2099 tamen

199 2134 578 2216 depuduerat,
603 2146 674 2197 ut
703 2138 830 2198 sine
865 2139 1128 2199 maxima
1153 2139 1550 2209 contentione,
1585 2140 1761 2215 cujus
1783 2135 2094 2216 vestigium
2170 2130 2185 2148 “

202 2252 476 2313 nusquam
501 2234 690 2295 ullum
715 2234 1117 2317 deprehendo,
1152 2231 1480 2317 triumphus
1502 2242 1627 2294 tam
1652 2227 1821 2294 nulla
1850 2243 1955 2294 aut
1973 2232 2093 2295 levi

201 2348 366 2389 causa
389 2330 840 2391 decerneretur:
870 2334 1012 2393 etin
1037 2332 1375 2393 melioribus
1393 2331 1705 2392 annalibus
1726 2330 2043 2391 Dalmatas
2056 2350 2095 2407 a
2116 2346 2225 2399 Ην.
2248 2346 2384 2413 Epit.

204 2422 264 2484 L.
293 2424 542 2489 Caeoilio
568 2427 824 2489 Metello
847 2431 1130 2491 subactos
1155 2430 1407 2491 invenio.

270 2530 327 2583 9.
370 2522 496 2583 Sed
535 2523 596 2584 in
642 2523 861 2586 Africa
893 2534 1030 2607 post
1065 2535 1312 2587 mortem
1358 2524 1452 2586 Μ.
1490 2524 1763 2595 Catonis,
1798 2531 2093 2605 ⁴tauquam

203 2628 410 2679 remoto
451 2620 700 2683 custode
745 2621 987 2683 liberior
1030 2620 1072 2682 J
1075 2622 1351 2702 ugurtha,
1393 2642 1510 2683 non
1547 2621 1804 2702 amplius
1839 2619 2091 2692 distulit,
2114 2627 2230 2677 Sall.

203 2715 328 2793 q'uin
356 2718 554 2778 animo
579 2718 908 2799 cupiditate
923 2720 1151 2801 imperii
1167 2723 1230 2779 et
1243 2726 1492 2800 accepta
1505 2716 1867 2779 contumelia
1890 2718 2095 2778 saucio

205 2830 406 2872 morem
432 2824 682 2892 gereret.
787 2814 1000 2875 Donec
1025 2816 1082 2875 iu
1109 2814 1332 2876 bellum
1355 2797 1552 2896 erupit
1579 2834 1693 2885 res,
1729 2812 2095 2894 fratrumque

205 2906 340 2966 alter
375 2909 532 2971 ferro
555 2930 744 2971 caesus
767 2907 1088 2974 occubuit:
1117 2912 1290 2984 alter,
1315 2920 1564 2972 exactus
1597 2930 1801 2989 regno,
1828 2909 2093 2970 Romam

201 3002 502 3083 confugere
527 3016 774 3067 coaetus
797 3017 906 3069 est.

273 3106 368 3161 10.
411 3102 510 3163 Eo
537 3124 679 3164 ¹cum
715 3104 990 3177 venisset,
1025 3102 1098 3169 L.
1137 3104 1423 3166 Caecilius
1448 3105 1534 3174 Q.
1563 3104 1639 3165 F.
1670 3102 1977 3175 Metellus,
2004 3100 2091 3169 Q.

207 3192 432 3258 Mucius
473 3198 752 3261 Scaevola
789 3201 1060 3262 consules
1103 3208 1326 3263 eruut-⁴·
1407 3202 1552 3268 Quo
1594 3220 1755 3263 anno
1800 3198 2093 3259 Saturniae
2116 3190 2221 3243 ³⁰¹·
2237 3189 2363 3241 0¹³⁸·

207 3292 567 3375 androgynus
592 3316 874 3358 annorum
899 3296 1108 3359 decem
1141 3301 1436 3360 inventus.
1522 3298 1830 3359 Praeneste
1858 3314 2093 3376 quoque

204 3384 346 3449 lacte
370 3391 590 3472 pluisse
613 3395 1008 3456 renuntiatum
1033 3414 1050 3464 3
1077 3395 1427 3475 hastamque
1454 3394 1673 3456 Martis
1698 3394 1757 3455 in
1784 3392 1947 3472 regia
1962 3412 2089 3452 mo—

205 3492 346 3556 tam:
386 3489 668 3551 Priverni
692 3499 910 3551 terrum
943 3501 1167 3573 septem
1195 3494 1476 3571 jugerum
1500 3494 1562 3553 in
1587 3510 1901 3553 cuvernam
1926 3489 2093 3550 dese-

205 3578 380 3645 disse:
433 3585 686 3647 fulmine
717 3608 954 3668 quoque
997 3590 1158 3649 circa
1201 3585 1408 3649 urbem
1445 3598 1509 3651 et
1547 3590 1608 3649 iu
1646 3590 1777 3670 ipsa
1812 3586 2093 3669 pleraque

204 3677 312 3739 icta
329 3692 482 3743 mut.
568 3682 738 3743 Urbe
761 3685 1058 3764 virginum
1079 3694 1260 3747 cautu
1287 3686 1558 3758 lustrata,
1572 3706 1667 3747 res
1689 3685 1907 3766 quietae
1923 3701 2091 3743 mau-

205 3786 408 3850 serunt,
449 3788 944 3862 exterum-umque
987 3802 1188 3861 regum
1233 3790 1413 3863 atque
1453 3783 1805 3864 populorum
1842 3780 2095 3857 negotiis

206 3876 520 3935 mussans
547 3895 734 3935 annus
751 3886 881 3937 est:
909 3879 1058 3937 inter
1083 3898 1220 3959 quae
1246 3877 1562 3939 Numidici
1578 3887 1775 3939 motus
1798 3874 2090 3953 maguitu-

205 3962 330 4029 dine
354 3990 425 4031 ae
447 3972 713 4053 periculo
737 3974 1112 4035 eminebant:
1155 3995 1325 4054 quos,
1347 3974 1489 4037 licet
1507 3974 1688 4056 paulo
1713 3982 1851 4035 aute
1876 3969 2093 4049 indigi·

207 4072 366 4137 tutos,
387 4087 584 4148 operae
604 4069 858 4149 pretium
885 4079 977 4130 est
1001 4071 1236 4131 uberius
1259 4091 1577 4152 exponere.
2071 4066 2079 4071 ’

147 4214 158 4221 .
277 4168 374 4224 11.
413 4162 712 4243 Jugurtha
750 4164 992 4226 fratrem
1033 4164 1474 4249 Hiempsalem,
1513 4188 1619 4229 seu
1658 4164 1823 4229 bello
1864 4170 2092 4247 aperto,
2117 4166 2230 4222 ΗΥ·
2249 4166 2387 4234 Epic.

741 4379 774 4409 '⁵
805 4377 873 4431 A.
893 4380 963 4431 U.
988 4380 1049 4435 C.
1069 4384 1190 4433 68⁵.
1257 4380 1324 4434 A.
1345 4380 1408 4432 C·
1431 4384 1544 4433 11¹1.
