3225 5242
722 587 933 637 mum
986 586 1235 637 nxvu.
1282 586 1634 637 sunnam
1651 586 1942 637 surum.
2291 568 2468 635 4337

224 734 379 793 enim
424 732 657 803 castris,
702 732 937 811 equites
974 748 1113 791 snos
1150 730 1229 790 ad
1274 728 1500 790 vallum
1536 729 1792 790 hostium
1831 728 2136 799 accedere,
2203 752 2364 801 Front.

222 828 441 889 deinde
468 828 733 908 refugere
761 828 1013 889 Fulvius
1025 828 1307 906 jusserat.
1334 852 1339 855 ·
1390 826 1472 888 Id
1498 826 1601 887 ubi
1627 846 1736 908 per
1761 826 1991 907 aliquot
2013 826 2144 886 dies
2165 818 2310 867 3²¹⁸*-
2328 821 2454 867 ¹¹⁰⁵·

220 926 470 998 factum,
498 926 875 1007 Cimbrisque
911 924 1087 986 avide
1118 926 1628 1006 persequentibus,
1661 925 1822 985 haud
1863 942 2140 1002 magnam

220 1023 629 1085 custodiendis
666 1024 877 1085 castris
916 1042 1158 1082 manum
1204 1020 1455 1102 relinqui
1496 1021 1814 1083 Romanus
1859 1020 2140 1091 advertit,

222 1142 362 1182 cum
402 1120 705 1201 expeditis
738 1120 1079 1181 cohortibus
1108 1128 1277 1199 terga
1306 1118 1543 1180 illorum
1574 1118 1732 1181 clam
1767 1118 2142 1191 circumiens,

226 1226 541 1298 postquam
570 1216 848 1277 Cimbros
872 1217 1159 1296 suggressi
1187 1216 1264 1277 de
1290 1238 1451 1277 more
1472 1218 1706 1298 equites
1728 1216 1960 1296 longius
1985 1216 2142 1276 abri-

224 1322 503 1395 puerunt,
529 1322 727 1375 castra
750 1334 790 1375 a
808 1315 931 1375 suis
956 1313 1191 1375 deserta
1214 1315 1397 1396 cepit.

304 1418 411 1472 62.
456 1410 689 1473 Eodem
714 1432 873 1472 anno
910 1412 971 1471 in
1010 1411 1382 1473 Macedonia
1414 1432 1692 1494 prospere
1717 1430 1855 1473 cum
1891 1410 2144 1473 Thraci-
2169 1418 2276 1469 Jul.
2293 1418 2416 1469 Oba.

230 1508 349 1567 bus
372 1507 683 1582 bellatum,
715 1508 976 1583 Pisonis,
1004 1517 1071 1569 ut
1100 1506 1331 1591 opinor,
1360 1510 1565 1581 ductu,
1592 1530 1632 1570 a
1649 1514 1776 1590 'quo
1802 1508 2144 1591 Rhodopen
2171 1514 2296 1568 Flor.
2318 1528 2406 1568 m.
2421 1518 2474 1567 4.

225 1604 415 1667 etium
466 1604 921 1687 Caucasumque
970 1615 1345 1689 penetratum
1397 1606 1469 1667 L.
1524 1606 1738 1667 Florus
1782 1616 1992 1668 auctor
2037 1616 2146 1668 est.

226 1700 420 1767 Quod
466 1704 611 1783 quia
648 1702 727 1764 de
768 1704 959 1765 nobili
1000 1704 1110 1766 illo
1144 1704 1423 1765 Caucaso
1462 1702 1655 1785 accipi
1695 1704 1924 1784 nequit,
1957 1724 2150 1785 neque

228 1796 509 1859 Thraciae
546 1798 807 1880 aliquem
832 1802 949 1863 hoc
974 1801 1209 1863 nomine
1232 1808 1489 1861 montem
1522 1799 1704 1861 fuisse
1729 1801 1980 1880 reperio,
2008 1820 2148 1863 auc-

234 1902 429 1955 torem
456 1916 561 1975 pro
584 1916 649 1956 re
672 1896 865 1977 pomi.

308 1996 418 2051 6³.
464 1990 631 2051 Dum
650 1993 781 2054 haee
800 1993 1047 2055 diversis
1070 1994 1133 2055 in
1158 1992 1485 2075 provinciis
1497 2000 1796 2072 geruntur,
1813 1991 1892 2053 G.
1919 1992 2152 2053 Marius
2175 2003 2308 2053 Plut.

232 2084 449 2147 relicto
484 2086 565 2147 ad
600 2090 931 2151 exercitum
971 2090 1065 2151 M.
1104 2090 1391 2171 Aquillio
1424 2091 1484 2149 in
1520 2090 1728 2149 urbem
1763 2088 1842 2148 ad
1871 2088 2152 2148 habenda

230 2183 481 2245 comitia
517 2186 703 2258 venit,
746 2188 891 2268 quia
927 2187 1131 2249 consul
1170 2185 1323 2249 alter
1359 2187 1433 2248 L.
1469 2182 1766 2247 Aurelius'
1793 2184 1976 2266 paulo
2011 2194 2150 2245 ante

228 2278 365 2339 fato
390 2292 779 2345 concesserat.
862 2284 1081 2345 Multis
1098 2284 1461 2365 egregiisque
1485 2284 1630 2345 viris
1661 2282 2018 2364 petentibus,
2045 2282 2149 2342 tri-

231 2376 433 2437 bunus
480 2378 677 2459 plebis
728 2380 798 2440 L.
852 2380 1155 2462 Apuleius
1204 2381 1580 2453 Saturninus,
1633 2400 1754 2462 quo
1799 2398 1974 2441 nemo
2017 2388 2208 2497 post6
2206 2382 2314 2433 cic.
2333 2380 2406 2431 Br
2407 2388 2478 2431 ut.
2609 2430 2617 2439 .

235 2473 551 2535 Gracchos
574 2476 653 2537 ad
676 2479 1063 2539 concitandas
1080 2476 1245 2559 vulgi
1270 2488 1496 2539 mentes
1514 2477 1850 2538 instructior
1866 2477 2150 2575 eloquen-
2173 2450 2276 2561 ⁶²13,
2281 2518 2349 2561 ut.

232 2572 326 2632 tia
352 2572 707 2646 habebatur,
732 2596 869 2636 eum
894 2576 1115 2657 populo
1140 2578 1427 2657 agebatst
1450 2585 1518 2636 ut
1544 2574 1620 2635 O.
1651 2574 1914 2635 Marium
1937 2594 2150 2635 consu·

240 2665 365 2729 lem
392 2680 665 2749 quartum
696 2672 959 2733 faceret:
1002 2675 1179 2735 rebus'
1214 2672 1651 2735 accommodari
1693 2670 1942 2733 consilia
1975 2670 2153 2733 dicti·

236 2772 400 2838 tans,
426 2786 537 2829 nec
560 2776 781 2829 temere
806 2770 1151 2831 mutandum
1180 2772 1434 2851 negotiis
1466 2770 1867 2841 manentibus,
1895 2768 2054 2849 quod
2081 2767 2156 2827 il-

238 2859 437 2923 lorum
456 2884 639 2937 causa
661 2866 845 2928 semel
868 2876 1023 2929 esset
1044 2865 1362 2929 salubriter
1388 2866 1804 2927 deliberatum.

322 2966 431 3021 64.
474 2970 493 2999 ⁶
522 2960 633 3024 Est
672 2965 829 3024 enim
862 2964 1221 3038 ridiculum,'
1260 2966 1463 3044 aiebat
1492 2963 1621 3037 ille,
1650 2974 1670 3001 ⁴
1692 2982 1830 3044 quae
1855 2962 1934 3022 ad
1958 2962 2158 3043 provi-

238 3076 371 3117 sam
406 3060 817 3121 necessitatem
842 3062 1119 3143 praesidia
1154 3064 1479 3144 paraveris,
1504 3082 1581 3122 ea
1616 3060 1698 3121 ad
1725 3062 2038 3121 instantem
2065 3058 2158 3118 di-

240 3154 503 3218 mittere.
586 3156 899 3218 Proximis
934 3168 999 3219 et
1036 3161 1435 3241 superioribus
1475 3158 1752 3233 comitiis,
1789 3156 1966 3217 nulla
2001 3155 2160 3217 obli-

242 3254 421 3313 vione
449 3253 671 3334 leg-um,
697 3256 801 3317 sed
828 3258 975 3339 quia
1011 3257 1375 3319 Cimbricum
1401 3257 1630 3318 bellum
1657 3257 1716 3316 in
1742 3256 2170 3337 expectatione

240 3359 398 3422 erat,
438 3350 516 3412 C.
557 3352 821 3415 Marium
866 3355 1049 3416 semel
1090 3358 1419 3437 iterumque
1458 3355 1764 3415 refecistis.
1850 3353 2046 3433 Atqui
2087 3372 2162 3413 eo

244 3448 516 3521 biennio,
543 3448 709 3511 velut
746 3452 983 3513 turbine
1018 3452 1281 3533 quodam
1312 3462 1503 3525 actus,
1530 3452 1785 3512 hostium
1812 3451 2064 3532 impetus
2099 3451 2159 3511 in

249 3543 619 3626 Hispaniam
666 3568 729 3608 se
774 3550 1011 3610 avertit.
1095 3549 1285 3613 Nunc
1336 3552 1481 3632 quia
1524 3550 1768 3631 propius
1817 3547 2165 3609 admovetur

246 3642 606 3721 periculum,
622 3648 873 3727 jamque
898 3647 1021 3729 suis
1046 3648 1349 3709 imminere
1376 3647 1593 3709 finibus
1616 3645 1942 3706 fidelissimi
1967 3652 2174 3706 vetus--

244 3738 577 3822 tinimique
602 3744 747 3804 socii
772 3746 955 3805 nostri
984 3744 1389 3829 Massilienses
1412 3745 1710 3815 nuntiant,
1739 3742 1923 3802 alium
1948 3741 2164 3802 ducem

246 3837 631 3898 creabimus?
684 3849 969 3921 tanquam
1008 3842 1087 3903 ad
1126 3842 1453 3924 parandum
1494 3840 1676 3902 modo
1714 3838 1941 3900 bellum
1981 3858 2166 3919 opera
2265 3886 2270 3896 .

252 3932 445 3993 Marii
490 3936 869 4015 eguissemus,
902 3938 982 4000 ad
1029 3939 1347 4020 gerendum
1390 3939 1543 4001 alius
1577 3946 1732 3998 esset
1771 3935 2162 4018 praestantior.

252 4029 354 4091 At
378 4052 519 4092 vero
546 4052 663 4093 non
680 4034 863 4095 aliam
878 4037 959 4096 ob
980 4056 1221 4097 oausam
1244 4037 1445 4101 Mario
1458 4035 1783 4097 secundum
1807 4034 2164 4111 tertiumque

251 4126 629 4189 consulatum
644 4130 912 4203 dedistis,
928 4152 1109 4214 quam
1129 4135 1273 4215 quia
1289 4154 1517 4193 summo
1536 4131 1856 4192 discrimini
1873 4148 2166 4189 summum

250 4226 672 4305 opponendum
699 4229 1117 4309 imperatorem
1142 4252 1267 4291 esse
1292 4231 1624 4291 constabat.
2193 4296 2200 4320 ι

336 4328 441 4382 65.
472 4332 491 4358 ‘
512 4322 821 4387 Adversus
838 4327 965 4389 haec
992 4326 1205 4391 frustra
1226 4328 1384 4407 leges
1410 4328 1703 4407 ingerunt,
1731 4344 1978 4405 quorum
1997 4330 2167 4383 tanta
2194 4341 2200 4357 ¹
2281 4312 2288 4326 ¹

252 4427 349 4481 est
372 4421 745 4501 perversitas,
773 4432 839 4485 ut
870 4426 1059 4507 perire
1090 4446 1195 4509 per
1234 4426 1477 4487 alterius
1510 4424 1841 4505 imperium,
1869 4436 2046 4503 quam
2073 4422 2164 4481 in-
