3225 5242
744 610 924 677 4346
1688 624 1785 673 ··r.
1833 625 2025 673 mvn

1071 778 1136 830 et
1157 769 1430 831 omnibus
1451 768 1761 829 momentis
1782 768 2223 848 imprenionen
2246 776 2631 847 expectantes
2654 768 2742 830 ita
2762 766 2983 830 def-fi·

1073 868 1262 945 gavit,
1287 876 1356 927 ut
1381 866 1661 947 postridie
1700 865 1929 925 viribus
1963 884 2147 946 prope
2174 862 2425 925 defectis
2464 862 2543 923 ad
2568 865 2981 946 praelim-ve-

1071 965 1326 1035 nientes,
1353 962 1572 1023 leviore
1599 963 1841 1043 negotio
1861 960 2087 1023 devicti
2110 980 2239 1021 ene
2262 959 2598 1022 credantur.

747 1064 881 1125 ΡΙιιι.
1151 1066 1254 1121 21.
1299 1058 1534 1120 Eadem
1583 1068 1761 1119 nocte
1814 1056 2141 1119 Claudium
2187 1056 2549 1119 Marcellum
2596 1077 2733 1119 cnm
2782 1060 2983 1120 tribus

1073 1156 1337 1217 millibus
1359 1156 1520 1217 misit
1543 1156 1623 1217 ad
1652 1154 2003 1216 insidenda
1973 1174 2153 1235 Juga,
2178 1174 2314 1235 quae
2338 1152 2523 1235 sylvis
2544 1174 2741 1235 opaca
2768 1158 2985 1219 cutris

743 1230 978 1347 ἔξιτ’·
995 1304 1046 1351 4.
1071 1251 1327 1314 bostium
1359 1274 1399 1313 a
1435 1262 1602 1332 tergo
1626 1252 2036 1323 imminebant,
2072 1261 2143 1312 ut
2183 1270 2383 1333 pugna
2420 1260 2617 1333 cepta.
2650 1252 2711 1311 in
2746 1272 2987 1315 aversos

779 1360 850 1409 Po
821 1362 1002 1427 ‹leaen
1071 1369 1210 1410 cum
1231 1350 1490 1411 tumultu
1521 1350 1877 1411 decurreret.
1959 1349 2223 1429 Quoque
2264 1347 2401 1429 plus
2432 1347 2679 1409 inferret
2720 1352 2983 1421 terror‘u,

742 1426 1052 1545 ἱωζΐΝῗῖ·
1073 1446 1152 1507 ad
1177 1448 1434 1527 speciem
1461 1445 1879 1516 multitudinis,
1896 1464 2206 1524 agasones,
2222 1444 2499 1525 lixasque
2522 1454 2783 1515 armatos
2804 1446 2985 1507 simul

1073 1542 1158 1603 ire
1174 1543 1377 1621 jubet,
1407 1544 1933 1622 jumentorumque
1958 1560 2237 1620 magnam
2262 1550 2513 1622 partem,
2532 1540 2985 1603 sti-atisdetrac-

745 1634 838 1684 ΡΜ
841 1644 876 1687 ⁸·
1071 1640 1172 1710 tis,
1209 1640 1484 1720 binisque
1509 1647 1745 1701 tantum
1782 1638 2153 1699 centunculis
2176 1638 2421 1699 relictis.
2502 1637 2752 1699 Ceteras
2774 1638 2988 1748 copias

1067 1736 1208 1796 cibo
1253 1755 1326 1797 nc
1365 1736 1567 1816 quiete
1613 1734 1887 1807 refectas,
1924 1744 2057 1795 orta
2096 1733 2230 1795 luce
2270 1744 2409 1795 ante
2442 1744 2641 1795 castra
2684 1736 2747 1795 in
2786 1736 2985 1796 aciem

1069 1830 1270 1893 locat:
1314 1852 1436 1912 quo
1475 1841 1540 1892 et
1577 1832 1737 1891 bunc
1776 1830 2043 1892 laborem
2068 1830 2149 1891 ad
2188 1850 2253 1891 se
2290 1850 2395 1912 per
2434 1832 2641 1911 iniqua
2668 1829 2807 1891 loca
2838 1832 2983 1891 sub-

1067 1930 1248 1990 eundi
1299 1929 1570 1990 hostibus
1613 1928 1882 1990 adderet.
1975 1928 2329 2009 Equitatum
2370 1937 2567 1989 ιαιιιειι
2601 1930 2663 1989 in
2698 1948 2983 2011 campum

1069 2025 1378 2106 permittit.

1147 2128 1252 2183 22.
1295 2120 1568 2183 Hostis'
1551 2142 1641 2183 ira
1676 2122 1867 2201 magis
1892 2140 2077 2202 quam
2112 2120 2379 2196 consilio,
2410 2140 2545 2201 quae
2584 2122 2853 2181 maxima
2876 2129 2987 2182 ant

773 2226 866 2275 Seu
835 2241 942 2276 n.ec
961 2226 1026 2275 de
1068 2220 1200 2281 sola
1237 2242 1330 2281 res
1369 2222 1560 2282 exitio
1594 2222 1875 2299 gentibus
1909 2220 2035 2281 istis
2064 2220 2198 2293 fuit,
2238 2221 2523 2302 correptis
2554 2220 2751 2281 subito
2776 2222 2983 2293 armis,

742 2291 900 2405 ἔξω
839 2364 879 2408 t·
863 2296 1001 2343 ¹¹¹·
1069 2338 1180 2379 nec
1205 2326 1526 2399 expectato
1553 2318 1745 2379 donec
1772 2315 1853 2378 ad
1876 2336 1941 2377 se
1969 2317 2290 2388 veniretur,
2324 2318 2387 2377 in
2422 2316 2731 2377 adversum
2762 2316 2983 2377 collem

1067 2423 1264 2475 ruunt.
1346 2412 1472 2475 Sed
1509 2432 1587 2473 ex
1630 2413 1929 2493 superiore
1952 2413 2091 2473 loco
2123 2416 2247 2473 vim
2276 2412 2631 2473 facientibus
2658 2411 2983 2483 Romanis,

1069 2511 1170 2591 qui
1197 2510 1324 2591 pilo
1349 2510 1565 2570 omisso
1590 2507 1807 2587 gladiis
1841 2528 1914 2568 ac
1938 2508 2315 2581 umbonibus,
2354 2528 2432 2569 ex
2470 2518 2773 2591 praecepto
2806 2508 2983 2569 simul

1069 2606 1464 2687 exemploque
1513 2604 1796 2677 consulis,
1842 2625 1967 2666 rem
2010 2606 2313 2684 gerebant,
2354 2606 2623 2687 repressi,
2660 2604 2873 2689 pedem
2920 2608 2981 2665 in

1068 2703 1378 2783 planitiem
1421 2702 1701 2763 referunt.
1786 2699 1891 2762 Ita
1921 2722 2061 2763 cum
2100 2723 2285 2783 usque
2316 2702 2395 2763 ad
2433 2702 2739 2764 meridiem
2770 2712 2983 2763 neutro

742 2806 880 2859 Oros.
1067 2799 1388 2861 inclinante
1413 2799 1666 2860 victoria
1688 2808 2017 2879 pugnatum
2040 2808 2230 2870 essetg
2258 2808 2403 2860 aestu
2423 2809 2605 2879 atque
2632 2798 2981 2860 lenitudine

1067 2894 1338 2957 fatiscere
1371 2895 1775 2957 Teutonorum
1814 2895 1973 2957 acies
2014 2897 2213 2977 coepit.
2284 2894 2390 2956 Sic
2422 2895 2657 2957 affectis
2688 2896 2981 2968 hostibus,

743 2986 878 3039 Plut.
1067 2993 1169 3053 ubi
1194 2992 1566 3064 decurrente,
1587 3001 1657 3052 ut
1671 2994 1905 3071 jussum
1928 3000 2077 3063 erat,
2106 2991 2407 3053 Marcello
2430 3000 2615 3053 terror
2641 2993 2983 3074 inopinatus

1067 3108 1106 3149 a
1134 3097 1302 3168 tergo
1337 3088 1578 3168 ingruit,
1620 3089 1869 3170 ancipiti
1906 3097 2065 3149 metu
2100 3087 2371 3149 distracti
2394 3098 2533 3149 sunt
2554 3086 2831 3151 ordines:
2874 3108 2981 3149 ne-

1065 3206 1182 3265 que
1222 3184 1492 3266 pr'aelium
1523 3184 1763 3255 deinde,
1802 3184 1909 3245 sed
1938 3184 2137 3245 caedes
2162 3184 2241 3245 ad
2276 3184 2527 3245 multam
2566 3194 2803 3247 noctem
2838 3184 2979 3257 fuit,

1063 3302 1201 3343 cum
1226 3302 1338 3342 nec
1365 3280 1443 3342 ad
1469 3281 1853 3362 pugnandum
1878 3281 2058 3353 ultra,
2080 3302 2192 3343 nec
2215 3281 2294 3341 ad
2314 3281 2681 3361 fugiendum,
2700 3290 2807 3342 aut
2826 3281 2981 3342 vires

1065 3376 1376 3447 lassitudo,
1404 3386 1512 3437 aut
1535 3378 1767 3437 animos
1790 3376 2141 3458 reliquisset.

1147 3480 1250 3533 23.
1292 3472 1680 3534 Armatorum
1702 3472 1891 3535 millia
1914 3482 2153 3534 centum
2175 3474 2271 3534 bis
2294 3472 2526 3535 duobus
2549 3471 2773 3554 praeliis
2794 3492 2980 3555 oppe-

1065 3568 1225 3629 tiisse
1251 3578 1521 3641 mortem,
1556 3578 1667 3630 aut
1700 3578 1882 3652 capta
1912 3590 2063 3641 esse,
2090 3568 2343 3631 relatum
2371 3568 2531 3649 apud
2556 3577 2849 3641 auctores,
2874 3569 2981 3650 qui

747 3686 852 3736 Liv.
875 3686 1005 3751 Epir.
1065 3664 1474 3727 modestissimi
1505 3666 1568 3726 in
1607 3665 1959 3727 aestimanda
1984 3666 2160 3727 clade
2186 3666 2443 3727 fuerunt.
2526 3665 2639 3726 Ab
2662 3664 2799 3725 aliis
2820 3684 2983 3727 caesa

744 3752 948 3817 Eutrop.
1067 3762 1376 3823 traduntur
1413 3762 1675 3825 ducenta
1708 3762 1923 3835 millia,
1953 3772 2138 3844 capta
2172 3763 2517 3842 nonaginta,
2548 3761 2701 3821 inter
2732 3780 2883 3842 quos
2914 3770 2982 3823 et

653 3834 658 3839 ·
744 3816 882 3865 Oros.

743 3880 868 3931 Flos.
891 3898 975 3930 m.
999 3886 1047 3932 8.
1068 3877 1174 3918 rex
1197 3857 1601 3931 Teutobodus,
1629 3860 1720 3922 vir
1745 3860 2115 3941 proceritatis
2144 3859 2401 3929 eximiae,
2432 3858 2705 3941 proximo
2730 3858 2795 3917 in
2816 3856 2979 3919 saltu

1065 3956 1523 4036 comprehensus
1547 3966 1677 4016 est:
1708 3956 1811 4016 alii
1832 3965 2067 4036 quoque
2082 3955 2269 4034 reguli
2287 3974 2393 4036 per
2414 3954 2721 4035 Alpestria
2744 3951 2977 4033 fugien-

743 4060 879 4112 l’lut.
1067 4056 1180 4121 tes,
1217 4070 1256 4110 a
1287 4050 1586 4132 Sequanis
1622 4052 1861 4134 excepti
1896 4052 2273 4131 retr-actique.
2358 4048 2583 4131 Neque
2617 4048 2833 4111 desunt
2870 4050 2979 4130 qui

745 4156 886 4208 Oros.
1067 4146 1330 4207 occisum
1351 4148 1438 4208 ibi
1461 4146 1877 4209 Teutobodum
1900 4147 2255 4230 scripserint.
2327 4145 2511 4209 Unde
2534 4156 2629 4207 tot
2646 4154 2979 4227 poemane-

1067 4240 1220 4302 culis
1243 4254 1651 4323 argumentum
1674 4244 1897 4305 fabulae
1925 4244 2061 4316 fuit,
2096 4263 2220 4325 qua
2250 4264 2387 4305 ossa
2422 4242 2701 4324 quaedam
2734 4250 2975 4323 porten-

777 4319 866 4369 M‘
837 4336 978 4434 “⁶¹3
979 4336 1006 4369 ⁸
1070 4344 1216 4399 tosae
1239 4340 1682 4419 magnitudinis,
1718 4361 1826 4422 pro
1857 4340 2191 4402 Teutobodi
2216 4340 2501 4421 reliquiis,
2527 4338 2977 4421 quadragesimo

741 4384 978 4499 Ἐρῶ
905 4453 1052 4501 161³.
1072 4444 1210 4497 ante
1234 4454 1390 4500 anno
1413 4456 1592 4520 quam
1618 4438 1747 4499 baec
1779 4438 2115 4512 scriberem,
2142 4436 2433 4502 admirata
2458 4434 2669 4497 Gallia
2692 4444 2821 4495 εει.
2862 4432 2971 4495 do·
