3225 5242
727 3116 941 3167 Paussn.

729 3604 967 3671 Porphyr.

1683 572 1751 619 T·
1800 570 1991 621 mvn

865 730 893 763 e
943 746 958 763 ·
1046 712 1200 784 buit,
1235 710 1726 795 deprehendatur.
1812 710 2009 791 Igitur
2032 710 2143 771 tali
2170 708 2403 792 Syriaci
2429 709 2795 790 Ponticique
2824 730 2955 790 reg-

1047 830 1257 871 norum
1281 818 1464 880 statu,
1492 806 1945 891 Cappadociam
1970 807 2346 879 Ariarathes,
2378 806 2727 887 Bithyniam
2756 806 2955 869 Nino-

1045 906 1247 966 medes
1269 906 1675 976 obtinebant,²
1694 904 1885 986 quieti
1904 924 1981 966 eo
2002 914 2293 985 tempore,
2322 912 2429 965 aut
2448 902 2617 965 nullo
2640 904 2853 983 insigni
2874 905 2957 965 ad

1049 1012 1306 1063 nomam
1349 1002 1745 1081 cognitionem
1788 1010 1974 1063 motu.
2059 1002 2421 1061 Parthorum
2460 1020 2629 1081 opes,
2680 1002 2959 1061 maximis

1049 1098 1266 1159 deinde
1299 1098 1478 1159 bellis
1511 1099 1791 1177 cognite,
1824 1098 1973 1159 nihil
2008 1106 2137 1159 tum
2172 1097 2251 1158 ad
2288 1096 2631 1159 Romanum
2664 1098 2957 1178 pertinere

1046 1196 1432 1276 putabantur.
1516 1194 1593 1254 In
1623 1193 1842 1255 Africa
1864 1203 2140 1276 suspecta
2162 1194 2349 1273 magis
2366 1194 2521 1253 inter
2538 1214 2705 1273 reges
2730 1194 2957 1284 omnia,

1047 1312 1230 1371 quam
1255 1300 1417 1352 mota
1439 1299 1642 1352 erant:
1670 1291 1930 1352 nondum
1955 1289 2213 1351 audente
2239 1290 2537 1369 Jugurtha
2556 1298 2795 1351 senatun
2812 1309 2957 1351 auc-

1046 1388 1288 1449 toritate
1315 1408 1522 1449 recens
1539 1388 1874 1449 restitutum
1900 1386 2141 1447 fratrem
2166 1396 2372 1467 aperta
2397 1386 2459 1447 vi
2486 1385 2793 1448 lacessere.

1131 1491 1236 1545 42.
1277 1484 1400 1545 Sed
1439 1485 1767 1565 AEgyptum
1806 1504 1963 1545 mors
1997 1484 2343 1554 Ptolem-ati,
2382 1484 2489 1563 qui
2522 1483 2811 1564 Physcon
2848 1502 2959 1564 ap·

1013 1632 1028 1648 .
1053 1580 1308 1661 pellatus
1336 1590 1450 1653 est,
1489 1582 1659 1642 novis
1690 1580 2041 1643 tumultibus
2070 1588 2401 1661 aperuerat,
2438 1578 2580 1639 filiis
2610 1578 2845 1640 duobus
2876 1600 2957 1640 ex

966 1696 980 1711 ·
1053 1676 1384 1758 Cleopatra
1420 1677 1681 1747 relictis3
1710 1696 1959 1757 quorum
2000 1686 2247 1757 uterque
2290 1696 2452 1736 more
2494 1676 2702 1755 gentili
2747 1676 2965 1736 Ptole-

985 1806 1026 1839 1.
1051 1792 1234 1833 meus
1251 1794 1388 1835 cum
1413 1782 1745 1844 vocaretur,
1770 1773 2225 1851 cognominibus
2246 1771 2469 1833 Soteris
2482 1782 2505 1809 ⁸
2528 1782 2593 1831 et
2618 1771 2961 1833 Alexandri

1051 1869 1576 1949 distinguebantur.
1663 1869 1991 1951 Imperium
2017 1870 2223 1929 uxoris
2256 1889 2405 1939 esse,
2438 1877 2503 1930 et
2526 1868 2779 1929 filiorum
2806 1867 2959 1929 alte·

1051 1967 1194 2038 rius,
1219 1986 1396 2046 quem
1431 1976 1621 2027 mater
1660 1966 1953 2045 elegisset,
1992 1966 2243 2025 moriens
2278 1964 2649 2027 Ptolemaeus
2676 1966 2959 2043 jumi-at.

1053 2062 1152 2123 Ea
1191 2080 1284 2123 res
1311 2064 1446 2142 jam
1481 2070 1612 2123 tum
1650 2063 1731 2123 ab
1764 2062 1939 2123 initio
1968 2063 2172 2121 turbas
2204 2062 2265 2121 in
2300 2062 2489 2139 regia,
2516 2068 2578 2121 et
2610 2061 2793 2141 paulo
2826 2070 2965 2141 post

1049 2158 1321 2219 crudelia
1343 2158 1589 2218 fratrum
1615 2158 1897 2219 adversus
1928 2166 2175 2217 matrem
2200 2166 2263 2219 et
2286 2157 2435 2217 inter
2464 2178 2527 2217 se
2561 2156 2727 2217 bella
2758 2158 2962 2217 conci-

1051 2254 1157 2315 vit.
1244 2252 1390 2335 Ipsa
1422 2256 1562 2316 vivo
1589 2254 1787 2315 adhuc
1810 2254 2049 2325 marito,
2072 2274 2145 2313 ne
2174 2252 2441 2314 Soterem
2468 2274 2665 2332 regem
2690 2252 2965 2334 appella-

1052 2359 1163 2421 ret,
1189 2351 1519 2424 obstiterat,
1552 2350 1993 2431 perfeceratque
2026 2360 2096 2409 ut
2125 2371 2165 2410 a
2198 2360 2365 2430 patre
2402 2351 2463 2409 in
2501 2350 2775 2431 Cyprum
2796 2348 2965 2409 able·

1055 2455 1328 2527 garetur;
1355 2448 1596 2509 minoris
1620 2446 1732 2507 filii
1758 2445 2041 2516 studiosa,
2070 2467 2246 2525 quem
2274 2446 2501 2527 imperii
2524 2447 2615 2507 sui
2642 2447 2965 2527 patientio-

1055 2562 1176 2603 rem
1203 2542 1328 2604 fore
1349 2543 1649 2624 sperabat.
1730 2542 1925 2621 Igitur
1950 2542 2145 2609 alteri.
2166 2541 2385 2603 nedum
2410 2551 2479 2603 ut
2502 2562 2745 2620 regnum
2764 2541 2967 2613 daret,

1055 2658 1326 2711 uxorem,
1353 2638 1724 2719 eandemque
1757 2659 2015 2701 sororem
2044 2658 2234 2710 suam,
2261 2640 2511 2719 eripuit;
2554 2636 2967 2719 compulitque

1053 2734 1338 2795 minorem
1367 2742 1508 2794 natu
1543 2734 1800 2794 Selenen
1832 2734 2071 2807 ducere,
2109 2734 2372 2806 dimissa,
2412 2738 2586 2815 cujus
2618 2754 2819 2795 amore
2852 2732 2965 2795 fla·

1051 2832 1286 2910 grabat,
1315 2830 1677 2912 Cleopatra:
1718 2850 1854 2911 quoe
1892 2850 2033 2892 mox
2066 2831 2377 2892 Antiocho
2411 2831 2719 2914 cyziceno
2754 2840 2964 2912 nupta,

1051 2936 1372 3006 cognatum
1417 2948 1656 3010 quoque
1710 2929 1919 3010 Syriae.
1956 2948 2197 3008 regnum
2250 2929 2476 3008 magnis
2522 2928 2969 2991 calamitatibus

1055 3025 1328 3087 involvit.

1135 3128 1239 3184 43.
1283 3120 1362 3183 In
1388 3142 1525 3201 rege
1549 3131 1749 3183 tamen
1778 3122 2029 3205 AEgypti
2052 3122 2485 3193 constituendo,
2522 3122 2661 3203 plus
2684 3121 2969 3185 voluntas

1052 3217 1284 3299 populi,
1311 3238 1490 3299 quam
1517 3218 1823 3279 inclinatio
1863 3220 2065 3279 matris
2102 3219 2336 3299 potuit:
2364 3238 2500 3299 quoe
2518 3240 2658 3281 cum
2684 3217 2965 3279 Alexan·-

1055 3313 1226 3374 drum
1287 3314 1500 3375 frustra
1548 3314 2039 3386 commendasset,
2092 3324 2385 3397 posu-emo
2434 3317 2722 3395 majorem
2744 3350 2751 3357 -
2772 3315 2967 3380 filium
3084 3332 3107 3355 ⁰

1055 3429 1254 3488 regem
1287 3410 1480 3480 dixit3
1523 3411 1949 3473 Alexandrum
1989 3412 2197 3492 Cypro
2238 3412 2521 3493 praefecit‚
2564 3421 2633 3472 ut
2664 3412 2967 3493 opulenta

1055 3504 1262 3565 insulae
1291 3508 1444 3568 vires
1483 3529 1592 3589 per
1633 3509 1803 3569 illum
1846 3510 2123 3579 retinens,
2160 3510 2283 3588 regi
2328 3508 2757 3571 formidolosior
2790 3518 2967 3571 emet.

1060 3602 1245 3663 Brevi
1267 3612 1463 3665 tamen
1485 3607 1679 3685 major
1703 3606 2071 3669 Ptolemaeus
2096 3606 2393 3687 obsequiis
2416 3606 2534 3665 suis
2560 3605 2758 3667 studia
2782 3606 2967 3667 bene-

1055 3699 1498 3782 volentiamque
1525 3703 1728 3763 matris
1761 3705 2104 3784 promeruit,
2146 3704 2221 3777 si,
2248 3703 2465 3783 quibus
2500 3704 2729 3765 artibus
2752 3712 2967 3784 parata

1055 3804 1245 3868 erant,
1283 3798 1432 3859 tueri
1464 3799 1764 3871 voluisset,
1847 3798 2001 3861 Tam
2040 3800 2209 3860 varia
2238 3820 2432 3861 rerum
2457 3801 2679 3881 ubique
2696 3816 2721 3853 ⁸
2756 3798 2963 3871 facies,

1413 3987 1446 4033 2
1485 3981 1744 4033 Obtinebat
1770 3982 1822 4031 in
1848 3980 1968 4033 edd.
1993 3990 2114 4035 ante
2138 3986 2294 4037 Crev.
2316 3984 2603 4035 invenitur.

1411 4052 1443 4096 ³
1483 4048 1659 4111 Utique
1683 4049 1955 4113 legebatur
1976 4060 2097 4098 ante
2120 4052 2279 4101 Crev.

1800 4174 2166 4198 Oeeneeoem

1120 4262 1143 4288 ⁸
1177 4254 1387 4321 Soteris]
1419 4255 1566 4306 Idem
1598 4264 1656 4307 et
1686 4258 1859 4309 dictus
1889 4267 1969 4311 est
2052 4262 2249 4311 toribus
2294 4258 2618 4327 frequentius
2668 4269 2966 4324 usurpatur.

1059 4318 1347 4371 Latliurus:
1381 4330 1539 4386 atque
1573 4322 1673 4372 hoc
1710 4325 1968 4387 posterius
2053 4329 2193 4377 Creu.
2554 4328 2559 4333 ’

1055 4398 1345 4448 “women
1402 4403 1434 4438 a
1487 4389 1753 4454 plerisque
1802 4390 1967 4456 serip-
