3225 5242
727 545 906 614 4434
1690 491 1763 612 τ.
1808 565 1999 614 mvn

1057 703 1439 780 Mummium,
1465 705 1570 768 sed
1599 707 1670 767 L.
1696 705 2051 768 Memmium
2092 716 2438 768 accusatum
2474 707 2607 787 lege
2633 707 2829 770 Varia
2851 729 2953 790 pu·

1053 811 1210 864 tem:
1253 823 1389 884 quae
1416 803 1669 865 duarum
1692 784 2051 865 familiarum
2092 807 2334 867 nomina
2366 805 2583 887 saepius
2607 807 2956 887 permiscen-

767 901 876 958 cie:
895 905 1032 957 Brut.
1050 909 1168 962 tur.
1251 899 1422 961 Nam
1450 900 1520 961 L.
1547 901 1905 962 Memmium
1938 921 2181 962 causam
2216 921 2289 962 eo
2322 901 2567 962 crimine
2600 902 2823 962 dixisse
2852 902 2956 964 ci-

727 986 774 1021 ⁶·
792 975 875 1022 ⁸⁹·
1050 1015 1190 1058 cero
1213 1007 1454 1057 narrat·
1502 997 1861 1058 Mummium
1880 1017 2057 1058 nemo
2083 1006 2291 1059 auctor
2310 1007 2402 1059 est
2422 1006 2549 1058 tam
2572 998 2676 1058 diu
2696 997 2955 1080 produx-

1050 1094 1162 1154 isse
1189 1095 1398 1166 vitam,
1439 1103 1508 1154 ut
1540 1105 1756 1176 quarto
1780 1104 1843 1155 et
1879 1097 2371 1176 quinquagesimo
2398 1105 2532 1178 post
2554 1115 2723 1158 suum
2746 1107 2955 1156 consu·

1051 1189 1242 1251 latum
1268 1211 1426 1253 anno
1453 1194 1714 1274 potuerit
1750 1195 2042 1254 accusari..

1131 1295 1234 1350 42.
1280 1289 1450 1350 Inter
1492 1291 1600 1352 hos
1643 1290 1960 1352 illustrium
2006 1291 2309 1351 hominum
2346 1311 2541 1364 casus,
2588 1291 2681 1351 M.
2730 1289 2955 1352 AEmilii

1056 1387 1270 1450 Scauri
1295 1388 1576 1450 adversus
1611 1390 1967 1450 intentatum
2004 1388 2335 1470 periculum
2358 1389 2581 1450 victrix
2616 1389 2877 1467 gravitas
2898 1398 2959 1448 et

762 1486 953 1539 cla-rin.
971 1501 1034 1536 ¹1·
1053 1486 1392 1596 pervicacia
1425 1487 1651 1547 extitit.
1736 1486 1822 1554 Q.
1850 1485 2064 1569 Caepio
2098 1494 2271 1547 vetus
2311 1487 2582 1547 inimicus
2623 1484 2861 1556 Scauri,
2900 1496 2959 1546 et

730 1551 946 1669 ‘1¹27Ad‘
977 1567 1030 1616 Ρ
1055 1583 1178 1664 ipse
1203 1586 1265 1644 in
1287 1584 1454 1645 illum
1474 1584 1608 1665 lege
1630 1584 1827 1648 Varia
1849 1583 2109 1656 dixerat,
2132 1593 2196 1644 et
2214 1603 2353 1644 cum
2393 1583 2479 1651 Q.
2506 1583 2698 1644 Vario
2724 1582 2957 1643 tribuno

761 1682 946 1732 Amn-
977 1683 1031 1732 in
1054 1681 1249 1764 plebis
1287 1691 1513 1762 egerat,
1561 1691 1644 1743 ut
1672 1683 1879 1743 adesse
1920 1702 2055 1743 eum
2084 1682 2353 1762 juberet,
2391 1683 2549 1743 hanc
2594 1680 2957 1764 opprimendi

727 1745 947 1863 ξξῇᾙο
1053 1782 1209 1842 senis
1233 1782 1494 1842 maxime
1521 1780 1795 1842 idoneam
1820 1782 2194 1842 occasionem
2220 1781 2503 1862 reperisse
2523 1799 2785 1861 sperans.
2828 1779 2957 1840 An-

1054 1899 1165 1939 nus
1188 1878 1282 1938 illi
1305 1878 1456 1938 alter
1483 1889 1661 1959 atque
1688 1880 2155 1959 septuagesimus
2173 1879 2369 1937 aetatis
2392 1878 2705 1957 agebatur,
2726 1885 2791 1937 et
2809 1895 2953 1958 prae-

1053 1983 1145 2036 ter
1171 1995 1360 2036 annos
1383 1977 1563 2036 etiam
1593 1976 1843 2037 adversa
1864 1974 2211 2037 valetudine
2236 1995 2453 2056 corpus
2484 1973 2773 2034 afflictum
2798 1993 2954 2052 gere-

1053 2075 1181 2134 bat.
1247 2072 1354 2135 Sic
1380 2073 1664 2135 affectum
1688 2075 1991 2154 negabant
2014 2073 2193 2134 amici
2214 2073 2489 2155 populari
2515 2071 2759 2132 invidiae
2778 2071 2955 2132 licen-

1051 2171 1274 2253 tiaeque
1301 2172 1484 2252 oinci
1510 2181 1803 2252 oportere.
1886 2169 2011 2232 Sed
2035 2171 2141 2232 ille
2162 2171 2467 2252 pristinum
2493 2169 2679 2230 animi
2702 2169 2957 2248 vigorem

1054 2271 1335 2341 retinens,
1355 2269 1735 2330 nobilissimis
1747 2269 2073 2350 juvenibus
2086 2269 2331 2328 innixus
2342 2267 2653 2328 descendit
2666 2267 2729 2328 ἰιι
2749 2265 2955 2339 forum,

1055 2375 1424 2448 acceptoque
1451 2366 1846 2449 respondendi
1887 2366 2045 2439 loce,
2074 2387 2271 2450 pauca
2304 2367 2493 2440 verba
2534 2369 2595 2425 in
2636 2365 2793 2426 banc
2826 2386 2955 2426 sen-

762 2480 874 2530 Aue
875 2487 913 2529 t.
932 2479 994 2529 de
1052 2466 1303 2525 tentiam
1355 2463 1700 2548 prolocutus
1742 2474 1851 2526 est.
1957 2465 2092 2532 ‘Q.
2146 2465 2370 2526 Varius
2422 2462 2811 2525 Sucronensis
2864 2461 2954 2521 M.

731 2546 842 2669 vg„
843 2544 946 2660 if'ffl
949 2557 1034 2664 ‘vt‘-
1055 2559 1350 2624 Scaurum
1375 2561 1701 2646 principem
1722 2570 1961 2625 senatus
1979 2563 2172 2623 socios
2190 2562 2249 2622 in
2278 2581 2447 2622 arma
2462 2563 2550 2622 ait
2565 2579 2956 2622 convocaaee:

731 2679 813 2725 12.
1057 2657 1152 2719 M.
1205 2657 1468 2720 Scaurus
1513 2661 1785 2742 princeps
1830 2669 2070 2721 senatus
2112 2667 2313 2739 negat.
2392 2657 2589 2718 Testis
2632 2677 2809 2718 nemo
2848 2664 2956 2716 est.

728 2739 916 2854 Ᾱῦξῗὼ
893 2804 1010 2854 Mu
1057 2755 1202 2816 Utri
1247 2776 1378 2828 vos,
1429 2755 1723 2830 Quirites,
1766 2759 2046 2819 convenit
2078 2756 2389 2818 credere'l’
2490 2755 2641 2817 Hac
2682 2775 2831 2818 voce
2876 2757 2959 2816 ita

731 2885 819 2922 ιιι.
840 2875 891 2921 7.
915 2875 965 2923 8.
1053 2864 1446 2916 commutatos
1481 2855 1786 2917 hominum
1831 2857 2060 2918 animos
2098 2853 2360 2926 tradunt,
2386 2863 2457 2914 ut
2496 2855 2623 2936 ipse
2644 2855 2829 2914 etiam
2857 2853 2957 2913 tri-

1053 2952 1269 3023 bunus,
1307 2953 1599 3034 pertinaci
1642 2953 1850 3036 populi
1894 2953 2326 3056 acclamatione
2362 2951 2576 3023 victus,
2620 2951 2875 3012 ‘morari
2898 2971 2957 3010 se

1053 3051 1226 3110 eum'
1269 3059 1534 3130 negaret.

1133 3154 1236 3208 43.
1268 3146 1416 3208 Non
1439 3157 1705 3229 tempero
1730 3147 1899 3218 mihi,
1920 3148 2065 3227 quin
2090 3148 2291 3208 statim
2311 3149 2625 3220 ascribam,
2653 3148 2801 3208 licet
2826 3168 2959 3230 pos·

1052 3247 1321 3306 teriorem
1347 3244 1635 3328 tempore,
1652 3245 1829 3306 Varii
1846 3247 2097 3317 exitum,
2116 3265 2297 3326 quem
2318 3246 2607 3308 scelerum
2621 3253 2684 3305 et
2707 3247 2959 3306 mrbatae

761 3354 875 3407 val.
890 3353 1033 3405 Mu.
1051 3344 1396 3425 reipublicae
1410 3345 1582 3422 justa
1604 3345 1895 3425 oppressit
1913 3343 2090 3416 ultio,
2108 3344 2227 3406 hac
2250 3345 2432 3405 etiam
2458 3343 2660 3425 inique
2705 3345 2959 3404 eircum-

735 3437 869 3539 Ἓξ·
879 3425 1045 3535 GBmt
1054 3442 1247 3504 ventis
1296 3441 1521 3502 donata
1563 3441 1993 3513 consolatione,
2046 3450 2116 3502 ut
2164 3441 2596 3502 nocentissimae
2644 3441 2962 3521 rogationis

730 3567 777 3603 a.
797 3555 881 3604 89.
1057 3548 1263 3599 auctor
1286 3559 1394 3599 sua
1418 3540 1547 3620 ipse
1568 3538 1701 3618 lege
1720 3538 2117 3600 damnaretur.
2201 3537 2308 3600 Ne
2333 3540 2447 3600 hoc
2471 3537 2715 3620 quidem
2743 3539 2801 3598 ei
2822 3557 2963 3599 con·

1056 3638 1238 3702 cessit
1274 3636 1536 3722 fortuna,
1563 3644 1633 3696 ut
1654 3635 1911 3698 saltem'
1895 3657 1958 3697 ιιι
1984 3636 2169 3698 exilio
2196 3646 2542 3719 prorogaret
2563 3636 2773 3708 vitam,
2798 3655 2958 3698 com-

1055 3754 1296 3795 munem
1342 3755 1478 3796 cum
1524 3744 1616 3795 tot
1656 3734 2073 3797 innocentibus
2110 3744 2329 3797 sortem
2368 3735 2716 3796 habiturus:
2778 3733 2884 3795 sed
2924 3753 2963 3791 a

1055 3834 1253 3904 sociis,
1277 3841 1348 3892 ut
1373 3833 1603 3914 opinari
1631 3831 1818 3906 licet,‘
1838 3842 2144 3914 exceptus,
2170 3853 2399 3894 summo
2434 3834 2701 3893 cruciatu
2734 3829 2959 3912 suppli-

766 3929 872 3982 cic.
903 3931 967 3983 de
1054 3931 1270 4011 cioque
1298 3949 1503 4011 poenas
1527 3929 1741 4009 ejectis
1776 3914 2173 3992 intersectisve
2214 3930 2559 3992 clarissimis
2593 3931 2739 3992 viris
2770 3928 2960 3999 dedit,

601 3985 604 3990 ’
728 3995 848 4044 Nat.
870 3995 1021 4046 Deor-

733 4076 822 4112 m.
841 4063 925 4111 38.
1055 4030 1234 4090 etiam
1261 4027 1584 4089 Metellum
1609 4049 1843 4089 veneno
1868 4029 2171 4089 sustulisse
2196 4028 2477 4090 creditus.

763 4158 868 4210 Cic.
891 4159 1033 4210 Brut,
1137 4134 1240 4191 44.
1283 4124 1408 4186 Sed
1435 4125 1514 4186 ad
1549 4125 1819 4188 ordinem
1847 4146 2065 4198 rerum,
2109 4125 2479 4208 Luciumque
2504 4123 2861 4205 Philippum
2898 4132 2965 4184 et

730 4227 879 4276 (εει).
1059 4221 1204 4285 Sex.
1259 4223 1492 4284 Julium
1539 4222 1843 4284 Caesarem
1884 4224 2157 4284 consules
2200 4233 2485 4287 revertor.
2584 4221 2779 4301 Cujus
2825 4223 2965 4282 anni

1057 4321 1200 4394 fine,
1225 4342 1360 4384 cum
1393 4324 1526 4402 jam
1565 4320 1733 4382 nulla
1755 4322 1868 4382 nisi
1891 4322 2088 4384 Varia
2122 4322 2253 4402 lege
2288 4321 2529 4404 judicia
2554 4319 2964 4390 redderentur,
