3225 5242
896 523 1108 574 unm
1159 522 1354 576 Lxx.
1397 523 2054 576 surranum-uu.
2261 555 2271 564 -
2408 509 2589 578 m

349 666 486 739 bus,
513 675 908 750 poeterquam
935 667 1262 740 tribunatu,
1297 667 1548 748 college
1583 667 1872 734 fuerant-⁸
1956 659 2083 738 His
2116 685 2261 728 con·

345 763 576 826 nulibus
597 774 662 824 et
682 785 876 825 causae
901 762 1138 826 socialis
1173 767 1324 827 belli
1356 766 1659 846 quaedam,
1686 775 1750 826 et
1782 767 2073 846 praesagia
2096 753 2258 827 com-

346 864 524 946 plura
547 863 894 924 extiterunt.
951 863 1081 924 Lex
1109 863 1341 924 Licinia
1364 863 1580 924 Mucia
1602 862 1681 923 de
1700 863 1933 923 civibus
1958 863 2257 942 regundis,
2316 867 2426 920 cie.
2454 872 2519 920 de

345 980 470 1040 qua
503 960 800 1023 maximus
821 977 1100 1020 numerus
1123 961 1420 1022 sociorum
1453 981 1562 1040 pro
1599 958 1834 1020 civibus
1863 956 2158 1020 Romanis
2195 980 2258 1020 se
2282 933 2582 1050 ⁰³:422}

346 1057 698 1136 gerentium,
749 1055 831 1116 ad
873 1077 1014 1116 suas
1049 1057 1302 1136 quisque
1339 1057 1614 1116 civitates
1656 1055 2127 1126 remittebantur,
2174 1057 2260 1117 ita
2281 1063 2429 1115 Corn.

345 1151 634 1214 alienavit
655 1153 989 1234 principum
1021 1153 1371 1214 Italicorum
1397 1154 1645 1224 animos,
1672 1162 1739 1214 ut
1762 1173 1837 1212 ea
1862 1153 1957 1213 vel
1978 1153 2256 1232 ,maxima

337 1269 526 1310 causa
543 1249 690 1312 belli
716 1259 852 1332 post
873 1251 1192 1310 triennium
1215 1251 1478 1331 erupturi
1503 1249 1685 1310 fuisse
1710 1249 2005 1310 credatur.
2092 1249 2253 1311 Pro·-

341 1345 508 1426 digia
545 1345 738 1408 multa
769 1348 1045 1408 nuntiata
1081 1356 1238 1408 sunt.
1324 1347 1524 1408 Laetis
1561 1347 1768 1430 pluvia
1800 1345 2014 1408 Cere:
2056 1346 2255 1407 hiatus
2275 1353 2517 1409 Ju1.0b·.

335 1451 510 1504 terrae
537 1443 826 1504 Venafro.
910 1443 1220 1504 Proeterea
1253 1443 1518 1506 fulminis
1549 1443 1755 1508 afflatu
1796 1442 2079 1524 pleraque
2122 1446 2251 1504 ani-

339 1541 528 1602 maiia
569 1543 931 1602 exanimata.
1015 1541 1232 1621 Agnus
1273 1543 1514 1624 biceps:
1571 1563 1717 1624 puer
1754 1541 1937 1602 ternis
1979 1541 2253 1602 manibus

341 1637 712 1719 pedibusque
753 1647 944 1699 natus.
1030 1637 1156 1698 Sed
1195 1639 1396 1699 hastas
1443 1638 1665 1700 Martis
1708 1647 1921 1710 motas,
1966 1638 2254 1698 tumultus

338 1743 568 1796 certam
605 1735 1099 1814 significationem
1125 1737 1346 1796 habere
1369 1738 1599 1808 visum3
1638 1735 1791 1798 illud
1816 1737 1999 1796 etiam
2026 1737 2253 1796 instan-

339 1831 418 1890 tis
443 1833 596 1892 inter
611 1834 1078 1912 consanguineos
1101 1833 1354 1914 populos
1376 1833 1548 1906 belli,
1578 1833 1743 1915 quod
1762 1833 2025 1896 vultures
2041 1851 2253 1892 canem

337 1938 637 2009 mortuum
683 1930 974 1990 laniantes
1019 1930 1098 1990 ab
1139 1931 1274 1990 aliis
1315 1931 1647 1992 vulturibus
1690 1931 1872 1991 occisi
1915 1929 2253 2010 comesique

335 2027 592 2088 fuerant.
659 2025 783 2086 sod
813 2035 878 2086 et
910 2027 1153 2105 majoris
1185 2026 1458 2087 miraculi
1493 2007 1588 2097 res
1628 2026 1905 2087 additur:
1954 2025 2253 2107 Eutychi-

335 2124 456 2184 den
483 2123 780 2204 quendam
823 2123 1108 2184 Lebadiae
1149 2123 1212 2182 in
1250 2121 1574 2204 Trophonii
1613 2131 1846 2183 antrum
1871 2119 2253 2202 degressum⁶

337 2218 684 2296 (multorum
721 2220 1006 2280 mensium
1040 2220 1408 2301 expiatione,
1443 2220 1743 2299 variisque
1776 2219 2248 2300 superstitionum
2272 2223 2481 2275 Pam
2496 2239 2576 2277 xx.

335 2327 402 2378 et
420 2315 782 2377 terribilibus
809 2315 1100 2386 ludibriis,
1139 2317 1498 2376 curiosorum
1521 2316 1827 2376 hominurn
1850 2335 1925 2374 ea
1950 2316 2252 2377 temeritas

334 2414 680 2491 constabat)
707 2411 978 2472 tabulam
1015 2431 1242 2472 aeneam
1276 2411 1584 2484 extulisse,
1619 2429 1757 2492 quae
1792 2411 1871 2472 ad
1898 2432 1989 2474 res
2016 2411 2249 2473 Roma·
2270 2420 2505 2474 ἄπιοι».

339 2530 448 2570 nas
473 2511 810 2590 pertineret.

417 2611 518 2666 23.
563 2603 847 2666 Ceterum
873 2604 1036 2665 domi
1065 2603 1326 2684 forisque
1350 2605 1494 2664 satis
1519 2603 1877 2684 tranquillus
1900 2623 2089 2666 annus
2111 2605 2243 2667 fuit.

339 2703 554 2784 quue
583 2704 668 2771 Q.
697 2701 974 2764 Scoevola
995 2703 1226 2774 consul,
1263 2723 1398 2764 cum
1423 2703 1688 2783 alioquin
1714 2703 1982 2783 regendis
2006 2708 2245 2786 provin-

333 2803 464 2870 ciis,
507 2799 587 2860 ad
628 2799 882 2878 gloriam
919 2819 996 2859 ex
1025 2797 1183 2860 Asia
1214 2809 1446 2881 partam
1481 2800 1630 2860 nihil
1662 2800 1821 2860 ultra
1847 2819 2016 2882 posse
2056 2800 2243 2882 adjici

335 2906 594 2978 putaret,
635 2895 872 2958 detrahi
911 2894 1141 2974 aliquid
1173 2915 1382 2976 posse;
1433 2915 1506 2956 ne
1543 2898 1763 2957 sumtui
1810 2907 1967 2958 esset
2010 2900 2241 2970 aerario,
2264 2919 2453 2970 Ami„
2469 2921 2572 2974 pi„

333 2994 699 3074 provinciam
727 2993 1035 3074 deposuit:
1075 2994 1248 3071 cujus
1272 2991 1598 3073 cupiditate
1628 2992 1916 3075 plerique,
1942 2996 2124 3054 etiam
2144 3013 2240 3054 sa-

333 3091 410 3150 tis
453 3091 615 3160 boni,
653 3090 927 3150 solebant
953 3088 1316 3168 delinquere.
1403 3087 1472 3150 L.
1511 3089 1763 3150 Crassus
1796 3089 2067 3150 Galliam
2094 3092 2241 3152 cite-
2299 3101 2409 3152 Cic.
2429 3101 2492 3152 de

333 3189 544 3247 riorem
579 3187 842 3256 sortitus,
869 3185 1235 3267 provinciam
1263 3186 1711 3248 excursionibus
1758 3185 2107 3266 ignobilium
2151 3187 2239 3246 la·
2264 3165 2373 3216 ¹¹⁸·
2388 3183 2449 3218 ¹¹·
2466 3173 2547 3219 ⁸⁷·

331 3283 735 3344 trunculorum
762 3281 1032 3342 infestam
1069 3282 1330 3362 pacavit,
1363 3301 1595 3342 summa
1618 3281 1928 3362 diligentia
1951 3285 2243 3365 oppressis

333 3380 732 3462 praedonibus,
776 3399 950 3460 quem
1004 3378 1138 3438 ideo
1191 3389 1209 3416 ⁸
1231 3379 1476 3461 spiculis
1522 3401 1705 3463 prope
1748 3389 2071 3442 scrutatum
2114 3401 2241 3441 esse
2298 3393 2404 3445 cic.
2427 3398 2478 3446 in

333 3463 534 3559 Alpes
549 3479 568 3506 '
599 3478 816 3538 Cicero
840 3475 1020 3546 dixit,
1049 3487 1068 3512 ‘
1093 3485 1180 3548 nt,
1206 3477 1310 3537 ubi
1337 3477 1520 3538 hostis
1545 3497 1664 3538 non
1684 3487 1836 3551 erat,
1858 3479 1941 3538 ibi
1958 3478 2241 3561 triumphi
2264 3459 2366 3510 ¹³³⁸·
2383 3477 2428 3513 ⁰·
2450 3465 2536 3514 ²⁶·

328 3593 572 3635 causam
598 3573 860 3654 aliquam
886 3573 1219 3654 quaereret.'

411 3677 513 3732 24.
557 3669 681 3731 Sed
709 3672 888 3749 hujus
911 3669 1152 3749 quidem
1179 3669 1398 3750 ineptoe
1421 3671 1773 3751 cupiditatis
1793 3671 1987 3732 fructu
2023 3672 2238 3742 carnit,

325 3769 646 3849 opprobrio
671 3775 970 3827 manente.
1055 3765 1213 3825 Cum
1255 3767 1412 3825 enim
1447 3765 1709 3827 Romam
1746 3787 2009 3828 reversus
2032 3767 2236 3827 trium·
2262 3788 2446 3839 Ancon.

327 3866 512 3945 phurn
559 3885 597 3926 a
641 3872 850 3924 senatu
897 3862 1243 3944 postularet,
1279 3872 1638 3944 senatusque
1676 3871 1915 3945 propter
1946 3881 2235 3924 summam

328 3963 464 4041 ejus
503 3963 562 4021 in
601 3959 912 4042 republica
945 3960 1274 4040 potentiam
1300 3977 1372 4018 ac
1398 3957 1749 4037 dignitatem
1776 3961 1837 4019 in
1862 3959 2239 4021 decernendo

326 4057 779 4137 gratificaretur,
819 4057 904 4124 Q.
943 4055 1222 4118 Scaevola
1253 4077 1372 4116 non
1411 4055 1709 4117 dubitavit
1744 4057 2086 4138 reipublicae
2108 4077 2235 4124 ma-

720 4231 753 4275 6
797 4225 1078 4289 Digressum
1097 4225 1292 4290 legitur
1315 4224 1368 4274 in
1392 4197 1513 4274 edd.
1535 4231 1663 4275 ante
1688 4225 1843 4278 Crev.

1091 4335 1299 4359 OON‘OO
1303 4335 1418 4356 0000
1423 4335 1454 4355 O

881 4415 910 4444 ⁸
947 4413 1012 4463 A.
1037 4415 1101 4462 U.
1127 4415 1186 4462 C.
1211 4417 1328 4463 66⁷.
1399 4411 1462 4461 Α.
1485 4413 1544 4464 C.
1569 4417 1653 4464 95.
