3225 5242
670 535 847 606 4138
1627 553 1696 603 r.
1745 552 1942 602 mvn

996 694 1125 777 puli
1150 693 1417 758 Romani
1439 704 1633 787 erant,
1673 704 1691 736 ⁸
1715 704 1784 760 ut
1819 715 1900 756 ex
1941 692 2117 756 malis
2149 693 2404 765 duobus,
2433 711 2585 774 quos
2607 694 2770 776 apud
2793 715 2900 756 eos

994 791 1259 862 vidisset,
1280 793 1565 870 majorem
1582 792 1888 854 mitteret!
1971 790 2284 870 Magister,
2303 791 2540 870 cognito
2559 793 2801 856 arietem
2819 811 2898 858 ex

995 906 1069 948 eo
1095 886 1256 946 malo
1280 885 1411 948 fieri
1444 895 1738 966 oportere,
1775 887 2082 958 minorem,
2118 905 2294 968 quem
2335 887 2394 948 ei
2427 886 2702 948 instituto
2733 904 2896 948 com·

992 982 1319 1044 modion-em
1350 984 1699 1062 judicabat,
1735 984 1912 1044 misit.
1994 982 2298 1045 Vocatum
2333 983 2532 1064 igitur,
2565 983 2900 1064 frustraque

991 1087 1397 1156 excusantem,
1424 1079 1588 1162 quod
1610 1081 1962 1162 obsequium
1989 1081 2068 1142 ab
2093 1081 2245 1162 ipso,
2271 1100 2392 1142 non
2409 1079 2722 1142 consilium
2741 1081 2898 1160 peti-

990 1183 1117 1236 tum
1144 1175 1323 1237 fuisse
1358 1177 1567 1238 consul
1602 1177 1849 1250 diceret,
1873 1177 2106 1249 nudari,
2131 1178 2426 1259 virgisque
2465 1177 2718 1238 multum
2741 1175 2898 1238 caedi

977 1273 1178 1350 jussit.
1265 1273 1547 1334 Ceterum
1588 1273 1758 1334 nulla
1792 1273 1870 1335 ad
1905 1275 2248 1336 memoriam
2271 1274 2415 1336 satis
2439 1274 2650 1354 insigni
2677 1293 2764 1345 re,
2787 1295 2900 1355 pro

662 1359 943 1476 ΙΧ“,Ἲ;3·
987 1376 1159 1429 tanta
1186 1370 1627 1451 expectatione,
1669 1380 1858 1451 gesta,
1889 1391 2076 1432 annus
2115 1370 2218 1432 ille
2252 1371 2556 1453 pratel-iit.
2639 1369 2810 1432 Nam
2833 1379 2898 1431 et

660 1488 915 1610 02¹5}ss
986 1465 1429 1626 &iffi-35:23:
1515 1487 1585 1625 :5
1602 1467 2476 1645 mmmmm
2494 1467 2896 1626 Zib‘imtsffd

656 1621 922 1748 ffv'‚¹1·}i,st,
1066 1666 1167 1721 83.
1211 1658 1291 1720 In
1324 1661 1469 1720 urbe
1506 1662 1593 1728 Q.
1629 1661 1910 1723 Caecilius
1947 1661 2402 1734 Macedonicus,
2441 1661 2528 1728 Q.
2562 1661 2894 1742 Pompeius

790 1751 805 1760 “
986 1754 1075 1815 Α.
1116 1755 1187 1817 F.
1230 1776 1503 1826 censores
1532 1758 1740 1829 creati,
1779 1766 1906 1818 tum
1941 1758 2190 1838 primum
2215 1756 2492 1838 exemplo
2515 1756 2662 1834 dato
2685 1777 2892 1818 censo-

983 1871 1109 1911 rem
1144 1859 1453 1933 utrumque
1491 1853 1569 1914 de
1609 1853 1786 1934 plebe
1827 1852 2088 1926 creandi,
2133 1873 2272 1915 cum
2307 1873 2348 1914 a
2371 1852 2450 1914 Ο.
2491 1852 2750 1925 Marcio,
2785 1854 2892 1933 qui

960 1935 1207 2026 'primus
1242 1967 1277 2008 e
1311 1948 1490 2029 plebe
1524 1948 1664 2020 fuit,
1699 1968 1806 2030 per
1841 1969 2028 2010 annos
2063 1948 2352 2010 ducentos
2385 1948 2622 2028 viginti,
2659 1968 2894 2030 semper

982 2042 1266 2122 patricius
1290 2043 1445 2104 alter
1476 2053 1712 2106 creatus
1735 2053 1910 2105 esset.
1992 2043 2388 2124 Negligentia
2412 2045 2586 2126 prisci
2623 2045 2802 2106 moris
2825 2045 2890 2106 id

982 2136 1231 2210 factum,
1259 2157 1337 2198 au
1360 2147 1431 2199 ut
1454 2139 1569 2200 hoc
1602 2160 1842 2220 quoque
1873 2139 2052 2202 modo
2083 2139 2290 2220 populi
2327 2139 2588 2201 nondum
2622 2139 2894 2222 placatos

980 2234 1061 2296 ob
1114 2235 1419 2295 interitum
1470 2233 1739 2297 Gracchi
1789 2235 2015 2297 animos
2065 2234 2348 2298 nobilitas
2397 2237 2716 2316 mitigaret,
2765 2255 2888 2298 non

978 2329 1251 2390 traditur.
2943 2354 2952 2363 ·

1058 2432 1161 2488 34.
1208 2425 1591 2508 Suspiciones
1639 2436 1800 2490 certe
1839 2447 1916 2490 eo
1955 2447 2134 2498 anno,
2171 2437 2235 2488 et
2267 2436 2499 2489 tanum
2533 2447 2649 2488 non
2695 2439 2890 2492 motus

978 2529 1209 2583 atroces
1252 2521 1526 2592 fueruntz
1570 2523 1954 2584 incitantibus
1993 2525 2256 2585 maxime
2294 2523 2532 2606 plebem
2571 2525 2892 2588 triumviris

682 2637 855 2688 cicde
864 2638 952 2691 οι»,
978 2636 1123 2697 agro
1148 2617 1503 2690 dividundo,
1528 2628 1593 2680 et
1619 2619 1698 2680 C.
1719 2619 1974 2702 Papirio
1989 2620 2266 2682 Carbone
2282 2620 2522 2681 tribuno
2543 2619 2758 2702 plebis,
2779 2622 2887 2701 qui

649 2718 694 2750 ¹¹
737 2707 823 2754 ⁴⁰·
858 2767 871 2780 ,
974 2731 1133 2795 soepe
1159 2713 1257 2774 Ti.
1286 2712 1553 2775 Gracchi
1579 2723 1826 2776 mortem
1853 2715 2242 2796 deplorando,
2261 2715 2440 2778 semel
2459 2716 2640 2776 etiam
2653 2735 2789 2776 cum
2804 2716 2884 2776 de

744 2847 771 2880 c
808 2846 844 2895 p
868 2847 897 2881 o
976 2808 1309 2871 reficiendis
1358 2809 1608 2869 tribunis
1658 2809 1858 2882 ferret,
1903 2812 1988 2874 P.
2027 2811 2388 2874 Africanum
2438 2813 2502 2872 in
2539 2812 2882 2873 concionem

744 2929 760 2946 ·
784 2912 811 2945 ⁰
849 2901 898 2947 ⁸·
975 2905 1329 2986 productum
1375 2904 1780 2984 interrogavit,
1823 2915 1840 2942 ⁶
1860 2906 2008 2989 quid
2037 2905 2114 2968 de
2153 2927 2300 2970 nece
2333 2906 2560 2970 Tiberii
2599 2907 2883 2968 sentiret.'

936 2996 949 3011 ⁸
976 3001 1131 3082 Ejus
1154 3001 1314 3062 enim
1338 3001 1450 3063 viri
1476 3021 1710 3074 vocem,
1739 3022 1876 3083 qum
1900 3003 2204 3085 proposito
2235 3023 2344 3066 suo
2369 3003 2686 3084 plurimum
2710 3002 2882 3065 addi-

970 3109 1107 3162 tura
1146 3098 1429 3161 momenti
1468 3107 1646 3170 esset,
1682 3100 2080 3180 expectabat:
2123 3099 2268 3180 quia
2295 3099 2376 3160 ob
2407 3097 2777 3170 affinitatem,
2815 3109 2884 3162 et

968 3196 1175 3277 populi
1202 3214 1456 3275 praesens
1485 3194 1766 3268 studium,
1793 3197 2048 3278 putabat
2072 3217 2178 3278 pro
2216 3194 2482 3258 Gracchi
2503 3216 2688 3258 causa
2709 3196 2878 3260 locu-

970 3300 1166 3353 turum
1190 3313 1334 3352 esse.

642 3411 757 3462 Liv.
780 3411 915 3477 Epit-
1052 3396 1154 3450 35.
1198 3394 1294 3452 At
1336 3392 1542 3474 Scipio
1576 3391 1726 3453 nihil
1753 3413 1792 3454 a
1815 3391 1996 3453 solita
2021 3389 2428 3470 magnitudine
2453 3390 2634 3451 animi
2659 3389 2878 3454 deflec-

678 3475 813 3526 Plut.
968 3496 1123 3558 tens,
1166 3497 1183 3524 ⁶
1200 3491 1339 3567 jure
1374 3509 1593 3552 cesum
1631 3490 1816 3553 videri
1837 3490 1854 3518 '
1895 3488 2218 3570 respondit.
2299 3486 2456 3548 Tum
2483 3489 2732 3568 primum
2765 3491 2876 3550 ob-

676 3577 909 3656 Auct.⁸de
928 3575 942 3590 '
968 3593 1230 3665 strepere
1258 3597 1322 3648 et
1347 3587 1680 3650 acclamare
1705 3586 1962 3669 populus
1983 3585 2186 3667 coepit,
2212 3585 2318 3667 qui
2344 3605 2574 3646 summo
2593 3586 2882 3648 hactenus

642 3669 688 3718 V
712 3685 773 3718 ¹¹⁵
794 3671 863 3718 11-
964 3701 1144 3763 opere
1184 3684 1373 3744 virum
1412 3683 1702 3746 coluerat.
1771 3683 1912 3744 Nec
1954 3683 2080 3764 ipse
2115 3683 2316 3756 cessit,
2349 3701 2545 3743 rerum
2575 3691 2874 3762 gestarum

646 3797 776 3850 veu.
789 3815 854 3850 ῃ,
874 3805 925 3852 4.
964 3782 1325 3842 conscientia
1349 3781 1684 3863 praefidens,
1709 3781 1854 3864 quin
1877 3779 2175 3840 silentium
2196 3777 2530 3860 indignanti
2549 3780 2878 3862 imponeret

636 3891 841 4025 302²ss-
963 3875 1841 4055 ἔξὲὶῗίῗέἔέἰῒῗῃέἕζὲῗ
1854 3873 2444 4033 ζιὝὲῗὲ.»“3ἶίῗ
2465 3875 2873 4033 2333?ss

636 4075 751 4138 vu,
772 4088 906 4140 Mu,
962 4086 1148 4140 mure,
1164 4078 1193 4134 .‘
1220 4068 1369 4131 Non
1388 4069 1702 4142 efficietis,'
1729 4069 1836 4140 ait,
1855 4077 1882 4138 ‚⁶
1909 4076 1976 4129 ut
1998 4065 2222 4128 solutos
2245 4067 2509 4138 timeam,
2529 4088 2678 4147 quos
2702 4069 2869 4130 vinc-

963 4171 1055 4224 tos
1078 4165 1350 4228 adduxi)
1433 4166 1778 4248 Tantusque
1805 4167 2069 4226 omnium
2109 4173 2339 4226 mentes
2363 4173 2606 4246 aspectu
2633 4183 2706 4226 ac
2732 4184 2869 4227 ora·

964 4387 1137 4430 servat
1160 4381 1213 4432 J.
1235 4381 1324 4432 Fr.
1342 4381 1642 4433 Gronovius
1660 4380 1714 4432 in
1747 4389 1875 4432 nota
1953 4381 2278 4442 stadensis-n,
2300 4396 2331 4430 a
2353 4379 2672 4434 Marathe-10
2695 4379 2872 4445 Ephe·

964 4445 1031 4495 nd
1054 4445 1189 4496 hune
1206 4445 1365 4496 Genu
1386 4448 1575 4498 locum.
1606 4447 1872 4500 hta-Gro-
1953 4448 2144 4500 tioru-
2167 4447 2380 4500 ditionis
2399 4445 2612 4514 oppido.
2637 4447 2779 4498 cm.

963 4511 1145 4561 novius
1168 4509 1364 4562 ibidem
1384 4512 1682 4577 suspicatur
1703 4513 1872 4563 Mara·
