3225 5242
731 534 905 601 4074
1691 554 1761 607 τ.
1810 556 1998 606 mvn

766 692 819 743 ‘-
843 693 907 743 de
924 692 1017 745 1⁶·
1058 697 1384 763 indebitum
1424 700 1705 762 honorem
1743 701 2102 785 usurpando,
2141 698 2346 763 durius
2385 720 2482 763 me
2512 720 2694 782 qnam
2735 701 2942 764 vellem

734 766 831 823 μ’
1058 814 1231 873 agere
1256 799 1563 876 coegimoe.
1647 798 1782 878 Ego
1805 807 1866 859 te
1891 818 2028 860 cum
2053 798 2210 858 hoc
2191 818 2252 859 ιιι
2279 798 2704 880 rempublicam
2731 800 2944 872 animo,

1059 890 1459 971 dignissimum
1482 916 1610 955 esse
1635 904 1859 977 putem,
1885 898 1988 977 qui
2023 914 2251 955 summo
2273 894 2481 975 pntriae
2503 894 2754 955 consilio
2775 896 2948 956 inter-

1060 1008 1238 1062 eoees,
1263 990 1373 1051 nisi
1406 990 1618 1069 religio
1653 1000 1716 1052 et
1753 992 1913 1072 leges
1949 1000 2238 1063 vetarent,
2271 1000 2481 1051 contra
2503 1010 2658 1072 quas
2697 1012 2776 1053 ne

732 1086 843 1139 cic.
864 1087 927 1139 do
946 1086 1037 1141 Or.
1060 1086 1303 1166 quidem
1326 1088 1674 1149 caritatibus
1697 1088 1983 1169 integrum
2005 1098 2160 1150 emet
2181 1108 2440 1171 parcere.
2524 1088 2669 1156 Quo
2691 1098 2951 1171 tempore

1061 1192 1231 1264 pater
1252 1194 1537 1266 patratus,
1564 1184 1644 1245 ad
1669 1182 2008 1247 solvendam
2031 1184 2320 1265 religione
2341 1186 2666 1257 civitatem,
2693 1185 2954 1247 hostibus

1060 1288 1123 1339 te
1147 1280 1355 1362 populi
1380 1280 1644 1342 Romani
1668 1272 1918 1353 dedidit,
1943 1282 2092 1343 civis
2125 1291 2320 1343 noster
2341 1302 2466 1343 esse
2489 1282 2740 1344 desiisti.
2823 1280 2952 1343 Ne-

1056 1396 1175 1457 que
1218 1378 1327 1438 tibi
1362 1377 1624 1460 prodest,
1668 1378 1832 1459 quod
1873 1398 1988 1439 non
2007 1386 2098 1438 'es
2139 1388 2426 1459 receptus.
2509 1377 2854 1439 Excludcre
2895 1388 2954 1440 ts

1056 1492 1167 1533 ma
1190 1475 1434 1535 civitate
1460 1474 1832 1537 Numantini
1842 1482 2198 1557 potuerunt·
2241 1494 2358 1535 non
2391 1476 2752 1556 potuerunt
2733 1494 2796 1535 ιιι
2821 1494 2950 1537 nos-

1058 1577 1210 1631 tram
1234 1572 1557 1631 restituere.

1139 1673 1239 1728 16.
1280 1666 1762 1728 ‘Postliminium
1787 1676 1988 1728 antem
2010 1667 2225 1729 fuistin
2249 1667 2552 1750 appellas.
2577 1688 2716 1729 cum
2735 1669 2818 1729 sit
2839 1688 2954 1728 me·

1054 1764 1255 1825 moriae
1270 1762 1587 1846 proditum,
1610 1786 1786 1846 quem
1811 1774 1982 1847 pater
1997 1786 2157 1837 suus,
2183 1775 2288 1826 aut
2305 1765 2562 1847 populus
2575 1764 2956 1837 vendidimet,

1056 1870 1163 1921 aut
1188 1872 1357 1944 pater
1372 1871 1640 1944 patratus
1667 1862 2006 1935 dedidimet,
2039 1863 2096 1923 ei
2111 1862 2339 1923 nullum
2367 1862 2790 1943 postliminium
2813 1882 2959 1923 ems.

1060 1958 1295 2021 Invitus
1326 1960 1479 2031 haec,
1512 1980 1704 2040 eoque
1741 1960 1934 2021 lenius
1971 1980 2152 2040 quam
2185 1979 2292 2041 pro
2325 1978 2522 2020 caiisa
2555 1958 2958 2037 magnitudine

1056 2053 1233 2117 dico:
1276 2056 1379 2138 qui
1412 2040 1694 2118 sermonis
1723 2076 1958 2117 omnem
1993 2056 2372 2118 acrimoniam
2401 2064 2608 2116 contra
2639 2054 2834 2117 malos
2855 2076 2960 2137 po-

1058 2153 1197 2225 tius,
1224 2173 1403 2233 quam
1428 2162 1636 2214 contm
1659 2152 2033 2214 calamitosos
2049 2154 2286 2233 cupiam
2299 2151 2620 2213 effundere.
2699 2151 2800 2211 Tu
2823 2172 2962 2213 vero

1058 2247 1199 2308 tulis
1222 2250 1281 2309 in
1310 2270 1385 2309 ea
1408 2258 1513 2309 tun
1536 2250 1774 2311 fortuna
1799 2248 1986 2321 fuisti,
2007 2258 2075 2310 ut
2091 2250 2172 2309 sis
2185 2247 2608 2321 misericordia,
2627 2266 2810 2330 quam
2825 2248 2960 2310 odio

1060 2346 1315 2427 dignior.
1396 2344 1521 2406 Sed
1548 2345 1961 2408 misericordiae
1973 2348 2080 2426 jus
2103 2366 2220 2406 non
2245 2344 2535 2406 dedimus.
2617 2344 2870 2407 Salvum
2903 2354 2962 2406 te

1064 2444 1455 2523 sospitemque
1492 2442 1571 2503 ad
1610 2451 1746 2503 tuos
1777 2444 2080 2504 revertisse
2127 2451 2356 2521 gratum
2390 2450 2520 2503 est:
2587 2462 2780 2523 neque
2820 2462 2960 2503 con-

1060 2548 1323 2621 spectum
1348 2540 1527 2620 hujus
1548 2524 1732 2610 urbis,
1755 2540 2326 2621 propinquorumque
2361 2548 2425 2599 et
2463 2538 2786 2599 amicorum
2810 2538 2962 2599 sola·

1060 2637 1151 2696 tia
1169 2638 1197 2667 ²
1237 2636 1585 2697 invidemus.
1673 2635 1968 2719 Usurpari
1993 2656 2034 2697 a
2065 2644 2126 2695 te
2141 2638 2250 2716 jus
2273 2634 2554 2706 alienum,
2579 2643 2648 2707 et
2663 2656 2774 2716 pro
2796 2655 2960 2697 sena-

1068 2742 1193 2793 tore
1216 2753 1365 2804 esse,
1394 2734 1498 2813 qui
1523 2734 1674 2794 civis
1701 2731 2014 2793 Romanus
2037 2751 2156 2793 non
2179 2734 2279 2803 sit,
2309 2732 2548 2793 minime
2573 2731 2850 2813 patimur.

1143 2835 1246 2893 17.
1289 2838 1309 2865 ‘
1326 2828 1415 2889 Te
1440 2848 1676 2909 quoque
1717 2849 1824 2910 pro
1859 2838 2064 2889 cetera
2083 2837 2190 2888 tua
2213 2826 2574 2889 verecundia
2595 2827 2810 2889 deceat
2845 2847 2964 2891 non

1066 2926 1225 2987 ultra
1248 2934 1548 3007 appetere,
1574 2945 1755 3005 quam
1777 2926 2026 2987 retinere
2041 2924 2220 2987 salvis
2243 2925 2501 2986 moribus
2523 2934 2588 2985 et
2598 2927 2738 3004 jure
2763 2924 2966 3006 populi

1068 3020 1333 3083 Romani
1358 3041 1563 3103 queas.
1625 3020 1828 3083 Paulo
1857 3030 1996 3083 ante
2011 3040 2228 3101 magno
2241 3022 2440 3082 auimo
2457 3041 2576 3082 non
2599 3022 2790 3082 solum
2813 3022 2970 3083 hanc

1066 3120 1295 3179 curiam
1328 3128 1391 3179 et
1428 3120 1632 3181 urbem
1667 3118 1980 3199 reliquisti,
2013 3118 2119 3179 ssd
2155 3116 2442 3199 quicquid
2467 3118 2528 3179 in
2553 3138 2630 3179 ea
2649 3138 2852 3179 carum
2877 3127 2970 3179 at-

1068 3234 1184 3295 que
1200 3214 1535 3295 jucundum
1558 3215 1708 3285 fuit3
1751 3224 1820 3276 ut
1851 3236 2066 3297 corpus
2095 3216 2468 3295 animamque
2503 3215 2566 3275 in
2603 3234 2805 3275 eorum
2841 3234 2970 3277 ma-

1070 3331 1181 3372 nus
1202 3312 1486 3384 traderes,
1500 3334 1652 3394 quos
1669 3312 2075 3375 acerbissimos
2085 3312 2200 3372 tibi
2225 3311 2758 3393 infensimimosque
2771 3313 2976 3373 existi-

1072 3428 1234 3469 mare
1260 3408 1537 3471 debuisti.
1619 3408 1744 3479 Sed
1781 3410 1894 3471 hoc
1929 3408 2162 3480 fecisti,
2179 3429 2300 3489 quo
2329 3408 2515 3469 salv-u:
2547 3406 2858 3489 religiones
2879 3430 2974 3471 es-

1072 3513 1221 3565 seut.
1304 3504 1495 3567 Nunc
1518 3506 1694 3585 igitur
1709 3506 1959 3568 eandem
1985 3507 2064 3566 ob
2087 3524 2329 3566 causam
2349 3525 2456 3586 pro
2473 3525 2598 3585 qua
2617 3514 2744 3567 tam
2763 3526 2980 3588 aspera

1074 3600 1301 3661 subiisti
1331 3601 1562 3675 lubens,
1582 3604 1812 3664 carebis
1839 3604 1954 3665 hoc
1979 3601 2208 3673 ordine,
2231 3603 2330 3663 cui
2355 3610 2414 3663 te
2439 3612 2649 3663 conti-a
2679 3602 2774 3663 fas
2795 3612 2860 3663 et
2883 3623 2975 3664 re-

1076 3695 1327 3777 ligiones
1348 3700 1567 3759 inseris.
1653 3698 2050 3761 Nobilissimo
2085 3698 2248 3781 apud
2281 3718 2390 3759 nos
2417 3718 2629 3779 genere
2663 3708 2858 3771 nattis,
2885 3700 2974 3779 ig-

1076 3813 1281 3855 norare
1306 3816 1423 3857 non
1448 3804 1640 3878 potes,
1679 3814 1858 3876 quam
1887 3797 2129 3877 indigna
2153 3816 2245 3857 res
2269 3798 2350 3856 sit
2369 3796 2498 3857 visa
2535 3797 2882 3876 majoribus,
2915 3797 2978 3855 in

1076 3900 1285 3952 senatu
1305 3912 1642 3973 quenquam
1669 3892 2034 3974 peregrinum
2059 3912 2205 3953 esse.
2291 3892 2455 3953 Haec
2485 3892 2622 3952 ideo
2651 3912 2782 3953 sum
2821 3910 2978 3973 prae-

1075 3986 1255 4060 i'atus,
1282 3996 1349 4049 ut
1372 3988 1582 4069 pudori
1600 3992 1706 4050 tuo
1719 3990 2104 4061 consulerem,
2127 3988 2434 4050 Manciae.
2501 3988 2686 4056 Quod
2709 3988 2762 4048 si
2785 4007 2982 4068 neque

1078 4084 1497 4164 amplissimum
1520 4085 1785 4147 ordinem
1809 4084 2117 4156 dedecore,
2144 4105 2334 4165 neque
2351 4094 2414 4145 tc
2440 4084 2762 4163 ignominia
2777 4083 2980 4146 ultro⁸

1082 4180 1359 4269 enmlvis,
1386 4180 1559 4243 educi
1584 4190 1646 4241 te
1662 4180 1747 4247 tle
1770 4192 1974 4243 senatu
1989 4180 2262 4262 jubebo?

1468 4367 1501 4415 2
1534 4362 1718 4414 Samio
1738 4366 1860 4416 edd.
1879 4371 2004 4416 ante
2027 4368 2180 4416 Cres.

1470 4431 1505 4477 ⁸
1542 4428 1688 4479 Ultra
1709 4444 1808 4497 pro
1829 4432 1956 4481 suro
1975 4430 2246 4496 legebatur
2269 4436 2392 4483 aute
2408 4432 2564 4484 Crev-
