3225 5242
766 560 977 609 mam
1031 559 1249 609 ινιιι.
1294 560 1950 612 ευηωιιιιιιιτυιι.
2299 544 2482 615 4106

316 708 380 763 8.
464 700 637 764 Nam
662 704 989 784 antiquitus
1010 704 1273 767 subactis
1298 724 1403 785 per
1434 713 1636 786 partes
1671 702 1968 765 Italorum
2000 704 2152 767 civi-

234 800 463 861 tatibus
488 800 752 879 aliquam
778 802 904 879 agri
930 803 1257 881 portionem
1276 802 1469 861 victor
1494 800 1808 862 Romanus
1833 800 2152 889 ademerat.

236 894 317 955 In
342 916 483 957 eam
507 917 587 957 ex
616 898 761 957 urbe
786 906 893 959 aut
932 897 1109 957 Latio
1144 897 1387 958 colonos
1425 898 1581 957 mitti
1619 898 1980 970 obtinuerat,
2007 906 2072 957 et
2095 899 2154 959 in

232 992 505 1071 singulos
526 1002 755 1055 certum
794 995 921 1073 agri
948 994 1189 1053 modum
1212 994 1506 1055 distribui.
1588 992 1936 1055 veniebant
1958 1002 2156 1055 autem

234 1089 297 1147 in
336 1108 475 1149 eam
510 1100 727 1149 sortem
764 1089 931 1150 culta
970 1092 1265 1149 maxime:
1306 1089 1413 1151 sed
1439 1110 1573 1170 quae
1613 1088 1798 1161 bello,
1827 1099 1898 1151 ut
1918 1090 2158 1161 assolet,

234 1194 479 1247 vastata
500 1188 879 1267 squalebant,
907 1188 1185 1266 quoniam
1220 1188 1485 1267 impensa
1508 1196 1571 1246 et
1592 1186 1760 1247 cultu
1787 1186 2072 1267 long-iore,
2096 1196 2160 1247 et

236 1283 447 1363 primis
462 1283 633 1343 annis
650 1303 859 1363 parum
876 1282 1175 1343 fructuoso
1194 1284 1472 1361 egebant,
1490 1282 1603 1343 sub
1619 1282 1918 1343 tolerabili
1935 1284 2160 1345 tributo

237 1379 484 1459 publice
519 1378 925 1441 elocabantur.
1012 1377 1111 1439 De
1150 1378 1415 1457 frug-ibus
1430 1376 1711 1451 decimae,
1737 1378 1814 1439 de
1853 1378 2160 1439 arboribus

236 1475 469 1554 quinta»,
494 1473 938 1555 pendebantur:
980 1482 1227 1555 eratque
1262 1476 1442 1535 etiam
1466 1474 1528 1535 in
1556 1484 1824 1554 armenta
1859 1484 1923 1535 et
1957 1496 2162 1555 greges

236 1571 501 1651 vectigal
522 1571 923 1633 constitutum.
1134 1590 1141 1601 ·

320 1676 387 1729 4.
432 1667 537 1729 Ita
574 1669 869 1749 putabant
906 1666 1055 1739 fore,
1096 1676 1164 1728 ut
1204 1688 1563 1749 possessores
1599 1688 1736 1729 cum
1779 1668 1890 1779 ipsi
1929 1675 2158 1729 tantum

240 1784 519 1844 agrorum
544 1764 739 1826 coiere
766 1764 1098 1845 nequirent,
1126 1784 1231 1847 per
1254 1765 1648 1825 mercenarios
1685 1766 1916 1855 generis
1953 1762 2160 1825 Italici

240 1861 533 1933 colerent,
558 1861 721 1941 quod
744 1880 879 1921 cum
906 1860 1125 1921 laboris
1164 1860 1509 1941 militiaeque
1549 1862 2044 1942 patientissimum
2065 1880 2158 1921 es-

239 1968 352 2030 set,
380 1978 461 2017 ea
484 1957 851 2039 potissimum
880 1958 1105 2018 ratione
1142 1957 1433 2017 contineri
1458 1957 1633 2017 simul
1661 1958 1860 2039 alique
1875 1978 2056 2038 -posse
2081 1956 2162 2017 ad

239 2056 653 2116 continuorum
693 2054 987 2115 bellorum
1029 2052 1351 2115 auxiliares
1389 2054 1660 2115 deiectus
1702 2054 2161 2116 arbitrabantur.

243 2150 371 2211 Sed
410 2171 507 2211 res
544 2150 663 2211 alio
687 2152 887 2222 vertit,
912 2150 1167 2211 avaritia
1202 2158 1266 2210 et
1302 2160 1433 2211 astu
1456 2149 1736 2223 divitum,
1763 2152 1866 2231 qui
1893 2146 2166 2233 publicos

240 2266 443 2327 agros,
462 2256 533 2308 ut
556 2246 892 2327 longinimo
916 2255 1177 2328 tempore
1204 2266 1520 2329 pmessos,
1533 2266 1643 2328 pro
1667 2248 1786 2307 suis
1810 2248 2164 2319 retinebant,

242 2345 687 2425 urgebantque.
772 2342 1095 2404 Summotis
1120 2343 1278 2404 enim
1304 2342 1595 2423 paulatim
1616 2352 1724 2403 aut
1746 2346 1808 2405 vi
1835 2353 1943 2405 aut
1979 2344 2166 2425 pretio

240 2441 549 2503 veteribus
568 2440 845 2511 dominis,
872 2460 991 2501 non
1006 2442 1143 2520 jam
1168 2458 1361 2517 agros,
1388 2439 1492 2499 sed
1519 2438 1836 2500 latifundia
1875 2440 2163 2512 colentes,
2225 2450 2408 2502 Imm.
2430 2468 2469 2501 1.

242 2537 634 2617 ingenuorum
675 2556 919 2618 operam
958 2537 1449 2617 aspernabantur,
1490 2536 1858 2616 servitiisque
1895 2537 2164 2617 coe'mtis,
2195 2520 2356 2631 ¹2¹⁷&
2373 2580 2456 2633 Ti.

245 2654 387 2695 rura
426 2635 807 2695 exercebant.
892 2632 971 2695 Id
1014 2632 1171 2692 enim
1212 2640 1343 2693 erat
1382 2632 1571 2695 multo
1600 2635 2012 2712 quaestuosius,
2039 2643 2164 2694 mm
2193 2644 2402 2695 Gnceh.
2473 2682 2484 2693 .

246 2732 393 2811 quia
434 2730 609 2791 liberi
647 2730 911 2791 homines
948 2730 1029 2790 ab
1068 2726 1431 2809 agricultura
1464 2727 1776 2809 stipendiis
1814 2729 2170 2791 militaribus
2199 2710 2408 2777 APPffl'·

246 2846 409 2909 sape
436 2828 863 2899 avocabantur,
888 2826 1072 2887 servis
1107 2826 1168 2885 in
1208 2824 1419 2887 eodem
1456 2834 1720 2906 tempore
1757 2826 2164 2895 manentibus;

246 2934 377 2987 tum
402 2925 553 3005 quia
572 2926 755 2985 etiam
776 2944 857 2983 ex
881 2932 1055 3003 partu
1082 2920 1433 2983 ancillarum
1457 2930 1638 2981 aucta
1663 2920 1914 2995 famiiia,
1945 2922 2024 2983 ad
2056 2924 2168 2983 be-

248 3020 601 3083 molucrum
628 3021 835 3099 ingens
858 3018 1113 3082 redibat.-

331 3124 395 3179 5.
440 3116 593 3177 Hoc
620 3116 797 3177 modo
823 3114 1033 3187 fiebat,
1060 3123 1125 3174 ut
1150 3134 1545 3197 possessorum
1572 3134 1666 3175 res
1689 3113 2020 3187 familiaris,
2049 3135 2166 3176 ser-

248 3233 581 3294 votumque
622 3234 901 3275 numerus
935 3215 997 3274 in
1034 3214 1379 3273 immensum
1406 3220 1754 3290 augeretur:
1799 3212 2172 3293 paucioribus

254 3312 317 3371 in
340 3311 518 3373 dies
500 3312 795 3390 ingenuis,
832 3312 937 3391 qui
972 3318 1183 3390 praeter
1216 3310 1477 3391 inopiam
1501 3310 1910 3382 domesticam,
1933 3304 2172 3371 tributis
2201 3325 2338 3374 Plut-

251 3411 439 3469 etiam
464 3418 532 3469 et
554 3408 883 3468 delectibus
908 3408 1335 3468 atterebantur.
1408 3408 1580 3477 Quin
1598 3416 1664 3467 et
1687 3409 1918 3488 quoties
1937 3428 1976 3467 a
1999 3406 2174 3467 bellis
2197 3390 2330 3456 ΑΡΡ·
2331 3404 2414 3439 ⁸¹¹·

252 3508 495 3569 vacatio
520 3514 671 3579 erat,
700 3506 929 3616 pigrum
948 3505 1095 3585 ipsis
1126 3504 1666 3586 infructuosumque
1691 3514 1924 3586 tempus
1941 3504 2172 3577 abibat,

252 3624 393 3665 cum
426 3624 603 3683 agros
628 3603 893 3686 proprios
928 3622 1045 3663 non
1084 3602 1391 3673 baberent,
1418 3611 1481 3663 et
1504 3602 1846 3663 abundante
1873 3622 2173 3663 servorum

254 3722 527 3773 numero,
551 3699 919 3763 conductitia
962 3700 1201 3761 istorum
1234 3720 1417 3780 opera
1450 3720 1628 3760 nemo
1665 3708 1940 3761 uteretur.
2025 3698 2174 3761 Non

256 3808 389 3861 erat
410 3800 753 3870 obscurum,
780 3806 1011 3878 quanto
1032 3795 1379 3878 reipublicae
1410 3797 1676 3878 periculo
1707 3798 2000 3858 sociorum
2025 3818 2173 3878 quo-

254 3896 405 3959 tidie
424 3898 622 3957 minor
644 3897 823 3977 copia
846 3894 1040 3965 fieret,
1064 3895 1215 3955 servi
1242 3896 1360 3955 orti
1385 3895 1465 3955 ab
1483 3895 1774 3967 hostibus,
1789 3902 1852 3955 et
1865 3895 1976 3975 ipsi
1995 3894 2176 3955 futuri

256 3996 477 4066 bonna,
504 3995 557 4055 si
580 3994 817 4055 occasio
840 3993 1117 4065 venisset,
1144 4001 1543 4072 augescerent.

334 4100 401 4154 6.
446 4090 577 4152 Sed
626 4090 909 4152 adversus
945 4090 1227 4150 ditiorum
1268 4090 1591 4170 potentiam
1641 4088 1744 4149 diu
1787 4088 2002 4149 frustra
2039 4098 2180 4149 sunt

256 4190 517 4270 qnasita
551 4188 853 4249 remedia·
896 4208 1111 4268 neque,
1146 4186 1287 4249 licet
1325 4187 1770 4249 vehementibus
1809 4185 2178 4267 quorundam

258 4286 473 4347 auidiis
506 4287 840 4358 imeretur,
866 4286 991 4347 vim
1032 4284 1215 4345 ullam
1241 4284 1403 4366 prius
1428 4285 1831 4355 obtinuerunt,
1857 4304 2038 4364 quam
2063 4283 2258 4383 ⁸¹²¹'12
2354 4338 2474 4387 86

262 4404 485 4446 annum
505 4384 671 4447 urbis
689 4398 1037 4445 cchxxx.
1078 4380 1425 4463 Rogatione
1452 4382 1686 4443 Licinia
1707 4390 2082 4455 caven-etum
2097 4402 2172 4442 ne
2199 4336 2416 4465 Appinii.
2478 4369 2497 4387 ⁹

394 4498 577 4561 Delph.
604 4505 659 4551 ct
684 4498 801 4550 Vnt.
824 4498 957 4550 Clas.
1297 4498 1487 4549 Livias.
2195 4502 2260 4550 12
2290 4497 2317 4547 1
