3225 5242
781 592 787 600 ·
830 588 1036 637 unni
1087 586 1220 637 nx.
1259 585 1907 653 suranna-nrum.
2294 566 2471 635 4169

256 732 358 813 gia
365 730 610 813 judices
625 732 802 793 mitti.
845 730 998 792 Tam
1015 729 1106 791 illi
1127 728 1423 809 religiose,
1439 738 1683 809 tamque
1700 728 2151 809 circumspecte,

259 830 361 891 ubi
397 829 480 890 de
513 830 714 911 capite
751 829 904 891 civis
927 827 1178 908 quaestio
1212 835 1387 899 emet,
1427 826 1723 906 agendum
1757 846 1883 887 ease
1908 844 2150 885 censue-

257 927 436 987 runt.’

335 1028 440 1083 42.
489 1020 654 1083 Haec
669 1031 850 1102 atque
871 1019 1040 1091 talia,
1061 1038 1198 1081 cum
1217 1026 1434 1101 praeter
1451 1020 1675 1100 proprii
1701 1018 1925 1079 doloris
1946 1018 2152 1078 stimu-

258 1118 370 1191 los,
395 1122 580 1181 etiam
615 1119 866 1179 oratoris
903 1125 1052 1188 arte,
1087 1135 1280 1195 eoque
1307 1115 1470 1176 vocis
1494 1136 1639 1176 sono
1662 1116 2020 1185 dicerentur,
2050 1116 2155 1195 qui

259 1217 436 1276 rebus
455 1217 601 1299 ipsis
639 1214 784 1274 mire
813 1212 1202 1291 cong-ruebat,
1229 1212 1414 1273 totius
1434 1212 1646 1293 populi
1670 1211 1933 1272 Romani
1960 1211 2156 1292 laci-y·
2211 1206 2418 1267 Quintil.
2464 1218 2471 1223 ·
2557 1292 2563 1299 .

257 1330 374 1372 me
395 1312 875 1373 concitabantur.
959 1308 1122 1389 Ergo
1147 1307 1360 1379 Caius,
1396 1308 1502 1368 ubi
1537 1308 1683 1369 satis
1706 1328 1983 1369 accensos
2006 1306 2158 1367 mul·
2180 1277 2332 1389 {luz
2430 1378 2435 1385 ³

255 1408 534 1470 titudinis
554 1408 782 1469 animos
797 1407 974 1479 vidit,
995 1406 1158 1485 leges
1175 1406 1346 1467 initio
1366 1405 1518 1466 duas
1536 1404 1895 1486 promulgat,
1911 1425 2161 1485 quarum

259 1505 460 1567 altera
488 1507 732 1567 vetabat
775 1514 792 1541 ‘
815 1504 1066 1565 honores
1100 1510 1300 1585 petere
1336 1523 1497 1575 eum,
1537 1502 1638 1563 cui
1664 1524 1703 1563 a
1728 1501 1955 1585 populo
1987 1504 2162 1565 abro-

137 1628 142 1638 ·
257 1612 440 1681 gatus
465 1603 842 1681 magistratus
859 1609 1014 1661 esset
1030 1600 1068 1659 :'
1109 1598 1300 1660 altera
1340 1606 1358 1636 ⁶
1381 1599 1580 1661 ‘dicere
1595 1618 1837 1659 causam
1854 1600 2165 1677 injudicio

261 1698 480 1780 populi
497 1700 515 1727 '
556 1698 820 1777 jubebat
860 1706 878 1734 ‘
899 1716 1058 1767 eum,
1101 1696 1206 1777 qni
1265 1694 1671 1759 indemnatum
1714 1697 1777 1755 in
1816 1696 2163 1775 magistratu

257 1818 378 1857 suo
395 1797 648 1859 civitate
685 1792 1058 1876 expulisset?
1141 1792 1269 1853 1:1ae
1293 1793 1456 1871 leges
1479 1801 1687 1873 aperte
1716 1792 1808 1853 M.
1838 1792 2165 1853 Octavium

259 1902 328 1955 et
348 1892 434 1955 P.
460 1892 796 1974 Popillium
821 1892 1144 1973 petebantt
1181 1910 1432 1971 quorum
1476 1888 1582 1950 ille
1624 1888 1929 1950 tribunatu
1963 1909 2027 1949 se
2062 1910 2165 1951 co·
2222 1904 2289 1955 A.
2308 1904 2440 1955 Gen.

263 1999 442 2051 acuis
475 1988 885 2059 abdicaverat,
915 1986 1224 2068 Popillius
1257 1988 1482 2049 amicos
1505 1982 1735 2047 Tiberii
1769 1986 2060 2067 quosdam
2104 1987 2165 2046 in
2192 1976 2379 2086 {1325

262 2086 522 2147 exilium
539 2086 788 2164 ejecisse
811 2084 1144 2145 dicebatur.
2191 2101 2323 2152 ven.
2346 2114 2407 2147 u.
2425 2100 2479 2148 7.

349 2190 456 2243 43.
497 2182 599 2243 Ex
617 2183 714 2243 his
731 2181 1062 2263 Popillius,
1087 2200 1204 2241 non
1229 2187 1550 2263 expectato
1569 2178 1777 2260 populi
1793 2179 2051 2259 judicio,
2072 2200 2167 2241 so-
2226 2189 2335 2242 cie.
2368 2190 2495 2239 Bru·

269 2277 400 2339 lum
418 2282 637 2341 vertit:
683 2262 1010 2339 Octavium
1032 2275 1318 2339 Cornelia
1337 2278 1621 2349 servavit,
1646 2276 1947 2357 Gaiusque
1968 2278 2172 2338 matris
2192 2260 2498 2369 ω’,ξὶξὲἆὶῗ
2536 2306 2543 2313 ·

267 2396 338 2437 se
377 2374 524 2437 dare
563 2376 676 2436 hoc
703 2375 978 2457 precibus
1009 2374 1216 2435 dicens
1242 2375 1370 2455 ipse
1397 2372 1737 2453 antiquavit
1762 2372 1955 2452 legem
1978 2393 2170 2445 suam,
2194 2337 2389 2435 &Sem
2403 2402 2452 2436 c.

273 2491 392 2531 non
433 2472 722 2533 renitente
759 2468 1005 2554 populo,
1047 2472 1153 2551 qui
1191 2480 1254 2531 et
1289 2472 1576 2552 pietatem
1614 2467 1727 2529 filii
1766 2468 2077 2541 laudabat,
2110 2478 2174 2530 et
2194 2452 2330 2569 '1¹21‘ss

275 2567 588 2629 mulierem
606 2587 724 2628 uon
749 2568 830 2627 ob
858 2566 1074 2627 liberos
1097 2566 1296 2638 modo,
1323 2565 1429 2627 sed
1465 2567 1643 2627 etiam
1672 2574 1903 2648 patrem
1926 2564 2173 2627 Africa-

275 2684 418 2725 num
457 2683 810 2745 magnopere
833 2663 1216 2745 suspiciebat.
1299 2661 1496 2742 Cujus
1533 2662 1620 2722 rei
1660 2662 1941 2723 indicium
1978 2669 2179 2723 statua

275 2780 518 2840 quoque
552 2759 794 2842 praefert
829 2762 886 2821 ei
927 2760 1158 2820 nomine
1192 2758 1400 2841 populi
1434 2760 1629 2841 posita
1667 2778 1805 2819 cum
1829 2760 1942 2821 hoc
1974 2757 2177 2829 titulo,

280 2865 298 2892 ⁸
325 2856 616 2927 Cornelia
637 2866 828 2918 mater
847 2856 1301 2919 Gracchorum?
1384 2855 1508 2917 Sed
1533 2866 1600 2917 et
1625 2856 1812 2917 Caius
1832 2854 2071 2917 minime
2091 2857 2178 2935 ig-

281 2975 460 3015 narus
499 2955 708 3035 quanti
737 2974 872 3015 eam
895 2955 1060 3015 cives
1087 2953 1372 3025 facerent,
1413 2956 1548 3034 ejus
1581 2954 1875 3015 mentione
1912 2973 2178 3013 nonnun-

277 3072 463 3131 quam
489 3051 570 3111 ad
594 3050 986 3131 exagitandos
1003 3050 1372 3113 adversarios
1391 3052 1610 3113 abusus
1626 3060 1719 3111 est
1738 3069 1755 3111 ε
1798 3060 1867 3111 ut
1882 3070 2019 3111 cum
2038 3070 2179 3113 cou-

279 3149 630 3210 viciatorem
651 3147 948 3229 quendam
969 3150 1300 3229 increpans,
1343 3159 1359 3185 ⁶
1383 3146 1554 3209 Tune
1585 3146 1928 3221 Cornelioe,'
1967 3149 2181 3229 inquit,

281 3256 300 3282 ‘
321 3247 488 3307 ausis
525 3244 903 3317 maledicere,
943 3266 1080 3327 quae
1117 3245 1422 3305 Tiberium
1461 3246 1734 3328 peperit?
1817 3245 1963 3312 Qua
2007 3268 2184 3329 porro
2230 3306 2237 3315 ,

279 3342 478 3405 fronte
501 3342 796 3403 Corneliae
825 3350 884 3402 te
905 3362 1237 3425 comparas,
1259 3362 1395 3423 quae
1413 3364 1476 3403 se
1503 3342 1729 3404 diutius
1746 3342 1981 3415 mulier,
2000 3364 2183 3423 quam

279 3448 346 3499 tn
383 3441 478 3501 vir
519 3460 560 3501 a
599 3440 726 3499 viro
770 3438 1103 3499 abstinuisti
1119 3440 1164 3499 'l'
1244 3438 1458 3520 Atque
1501 3440 1843 3521 hujusmodi
1888 3440 2181 3500 dictorum

281 3532 566 3617 frequens
599 3533 989 3627 amarulentia
1011 3555 1168 3596 nunc
1193 3536 1378 3597 etiam
1404 3536 1464 3596 in
1489 3537 1855 3601 emtionibus
1872 3538 2003 3616 ejus
2020 3556 2181 3621 com-
2204 3598 2207 3603 ,

283 3641 478 3714 paret.

361 3734 468 3789 44.
513 3726 798 3789 Ceterum
823 3727 1014 3789 modis
1035 3728 1310 3791 omnibus
1339 3737 1405 3789 et
1438 3728 1633 3810 plebis
1660 3730 1953 3792 extollere
1975 3739 2183 3812 poten-

284 3826 458 3896 tiam,
503 3833 567 3884 et
599 3833 840 3885 senatus
877 3826 1290 3887 auctoritatem
1331 3824 1659 3907 deprimere
1703 3828 1969 3908 cupiens,
2016 3825 2191 3907 plura

287 3924 638 4003 majoraque
683 3940 864 3999 quam
903 3921 1084 3982 frater
1121 3918 1402 3985 Tiberius
1445 3922 1727 3986 audebat.
1813 3923 2189 4004 Principium
2214 3935 2351 3988 ven.
2376 3948 2441 3982 n.
2465 3938 2517 3985 6.

287 4020 364 4079 ab
389 4018 630 4097 agraria
655 4016 786 4099 lege
811 4016 948 4091 fuit,
976 4040 1100 4101 qna
1123 4021 1320 4081 acrius
1359 4028 1542 4101 atque
1577 4020 1812 4103 plenius
1844 4022 2028 4093 cavit,
2072 4030 2090 4057 ⁶
2114 4040 2189 4080 ne

287 4116 424 4195 quis
447 4122 658 4175 contra
682 4115 874 4196 legem
898 4116 1187 4179 Liciniam
1211 4117 1348 4199 plus
1380 4118 1721 4198 quingentis
1746 4120 2060 4199 jugeribus
2083 4119 2189 4177 ba-

289 4212 458 4273 beret
477 4232 494 4273 :
539 4220 724 4294 utque
743 4232 884 4291 ager
903 4210 1180 4293 publicus
1198 4215 1560 4296 pauperibus
1579 4214 1983 4275 divideretur!
2058 4214 2193 4274 Tri·
2219 4235 2521 4285 moran-15.

261 4310 556 4371 0nmviros
596 4312 754 4388 agris
791 4308 1138 4371 dividundis
1187 4332 1368 4391 seque
1409 4322 1472 4372 et
1519 4311 1612 4372 M.
1671 4312 1953 4373 Fulvium
1996 4310 2193 4375 denuo
2251 4334 2396 4381 Auct.
2426 4324 2489 4374 de

291 4408 541 4477 creavit,
573 4405 649 4466 C.
676 4408 856 4468 etiam
879 4408 1095 4469 Crasso
1117 4410 1177 4469 in
1198 4410 1541 4469 societatem
1567 4430 1727 4472 curae
1754 4420 2030 4473 assumto.
2218 4395 2527 4457 V³²·u¹⁰⁸“·

421 4520 600 4586 Delpl.
618 4527 666 4573 el
697 4522 812 4573 γαν.
831 4522 962 4572 claae.
1305 4522 1492 4574 Lirin·
2243 4528 2306 4575 12
2342 4524 2392 4574 N
