3225 5242
1638 579 1711 630 T.
1760 580 1953 631 mvn

1001 743 1109 806 per
1131 725 1406 788 fraudem
1431 725 1580 799 lata,
1607 745 1720 808 per
1742 724 2115 788 iracundiam
2139 726 2337 806 jussa,
2362 741 2553 806 neque
2578 718 2751 786 initio
2772 741 2913 806 pro·

997 825 1146 885 bata
1169 825 1269 897 sit,
1295 825 1396 886 vel
1421 827 1542 886 suis
1567 824 1945 886 auctoribus:
1972 832 2037 885 et
2056 843 2214 885 nunc
2234 823 2443 884 eodem
2456 823 2681 904 populo
2694 825 2911 884 rescin-

998 919 1200 992 dente,
1229 931 1546 1003 postquam
1571 929 1728 982 emet
1750 921 2028 1006 omnibus
2050 919 2359 982 exsolutus
2394 921 2683 981 cecitatis
2715 929 2779 980 et
2800 921 2910 980 im-

997 1017 1330 1098 prudentiae
1349 1018 1637 1090 vinculis,
1665 1018 1941 1098 abrogari
1961 1037 2153 1100 posse,
2174 1017 2337 1099 quod
2360 1026 2488 1078 tum
2512 1037 2553 1078 a
2574 1016 2827 1098 decepto
2850 1025 2917 1078 et

949 1149 958 1159 ·
999 1123 1350 1196 properante
1394 1114 1701 1176 decretum
1750 1125 1925 1176 esset.
2010 1113 2209 1196 quue
2260 1115 2451 1196 ipsum
2493 1114 2737 1174 omnino
2780 1112 2915 1174 fieri

997 1219 1293 1292 oportere,
1336 1215 1473 1292 jam
1511 1221 1703 1273 totam
1742 1212 2076 1284 civitatem,
2114 1231 2434 1292 omnesque
2483 1209 2647 1271 illius
2692 1219 2913 1291 pestes,

901 1355 904 1358 .
997 1309 1167 1388 gravi
1189 1308 1618 1388 significatione
1642 1308 1969 1370 voluntatis
1994 1307 2435 1391 praejudicasse.

1077 1410 1180 1466 34.
1223 1415 1241 1442 ⁶
1265 1404 1470 1466 Plane
1519 1408 1578 1467 in
1624 1405 1819 1484 legem
1867 1405 2220 1486 Apuleiam,
2272 1413 2515 1465 auctore
2560 1402 2639 1464 G.
2686 1402 2917 1475 Mario,

997 1501 1278 1580 exigente
1308 1502 1536 1585 populo
1561 1501 1867 1574 Romano,
1896 1503 2131 1581 jurasse
2156 1510 2450 1562 senatum.
2532 1499 2657 1561 Sed
2682 1509 2915 1582 postea,

997 1617 1136 1658 cum
1159 1599 1290 1678 ejus
1313 1599 1568 1659 hominis
1592 1598 1855 1659 actiones
1880 1597 2061 1679 paulo
2096 1598 2413 1658 maturiore
2427 1595 2663 1676 judicio
2686 1616 2915 1678 expen-

995 1691 1247 1768 dissent,
1271 1697 1500 1757 hostem
1527 1697 1608 1758 ab
1632 1705 1842 1758 senatu
1857 1695 2199 1774 judicatum
2226 1695 2584 1776 Apuleium,
2605 1715 2643 1755 a
2656 1693 2921 1756 consuli-

998 1790 1113 1853 bus
1141 1793 1464 1865 obsessum,
1501 1813 1540 1854 a
1572 1794 1749 1876 plebe
1784 1793 2259 1855 contrucidatam
2290 1813 2437 1855 esse.
2524 1792 2781 1853 Minime
2806 1791 2917 1852 de·

871 1877 884 1888 ⁸
995 1909 1202 1951 corum
1229 1891 1487 1952 dominae
1513 1892 1776 1970 gentium
1800 1893 2054 1963 civitati,
2088 1899 2180 1962 ut,
2219 1911 2399 1971 quem
2438 1891 2521 1952 ob
2560 1909 2777 1972 pravas
2810 1909 2916 1950 ac-

995 1986 1186 2047 tiones
1227 1987 1640 2061 interfecisset,
1678 1990 1809 2067 ejus
1844 1997 1983 2049 acta
2006 1997 2213 2049 contra
2236 1985 2543 2068 publicam
2568 1987 2914 2058 utilitatem,

995 2093 1328 2163 contraque
1363 2104 1486 2144 suae
1509 2084 1837 2146 voluntatis
1866 2084 2307 2145 inclinationem
2339 2091 2537 2145 servet
2559 2103 2634 2145 ac
2656 2093 2915 2144 tueatur.

994 2177 1208 2241 Talem
1258 2180 1442 2241 fuisse
1487 2181 1845 2262 Apuleium,
1878 2190 1949 2241 ut
1987 2181 2125 2242 odio
2164 2180 2376 2242 nefarii
2413 2180 2687 2252 hominis,
2722 2180 2917 2240 etiam

993 2278 1198 2357 probae
1223 2277 1693 2358 commodaeque,
1720 2277 1771 2338 si
1801 2298 1938 2358 quae
1960 2285 2179 2350 essent,
2199 2279 2534 2357 rogationes
2556 2297 2683 2338 esse
2706 2277 2913 2348 irritae,

995 2383 1177 2454 atque
1201 2393 1310 2454 per
1329 2373 1514 2434 alium
1539 2373 1741 2434 referri
1765 2373 2085 2435 deberent:
2106 2375 2130 2411 ³
2172 2373 2365 2454 legem
2380 2374 2569 2455 ipsam
2591 2372 2799 2444 talem,
2819 2383 2913 2444 ut,

993 2473 1140 2552 quia
1169 2470 1474 2552 publicam
1511 2468 1835 2550 utilitatem
1864 2469 2205 2553 famamque
2244 2472 2452 2544 laedat,
2488 2471 2790 2532 abolenda
2810 2472 2915 2544 sit,

993 2568 1230 2629 etiamsi
1254 2570 1336 2630 ab
1369 2568 1598 2650 optimo
1629 2569 1870 2630 tribuno
1905 2578 1969 2629 et
2004 2569 2217 2651 patriae
2252 2571 2655 2632 amantissimo
2678 2568 2916 2652 perlata

991 2663 1222 2726 fuisset.

1073 2768 1176 2822 85.
1219 2771 1238 2799 ⁶
1261 2762 1525 2823 Omnino
1550 2761 1879 2824 laetandum
1906 2782 2057 2836 esse,
2085 2762 2249 2844 quod
2280 2761 2453 2825 malis
2476 2761 2655 2826 factis
2676 2763 2913 2824 tametsi

989 2877 1134 2918 serae
1175 2878 1390 2939 poenae,
1431 2880 1641 2939 graves
1678 2869 1881 2921 tamen
1920 2859 2040 2920 sint
2068 2858 2341 2922 redditae.
2422 2859 2549 2920 Sed
2582 2879 2701 2922 non
2739 2881 2913 2942 pone

987 2955 1337 3032 existimari,
1365 2976 1504 3037 quoe
1535 2977 1711 3038 porro
1746 2958 1827 3018 sit
1850 2955 2051 3017 futura
2079 2955 2349 3020 conditio
2372 2955 2617 3018 vivendi
2640 2957 2703 3017 in
2728 2977 2805 3018 ea
2820 2958 2911 3019 ci-

985 3053 1197 3126 vitate,
1213 3055 1275 3113 in
1293 3074 1416 3134 qua
1432 3055 1699 3136 pessimis
1716 3055 1993 3126 exitium,
2013 3053 2253 3134 optimis
2268 3052 2519 3116 exilium
2536 3053 2619 3114 sit
2641 3056 2912 3139 proposi-

983 3159 1112 3210 tum
1130 3172 1151 3222 3
1182 3152 1288 3232 qui
1307 3152 1460 3212 inter
1484 3152 1594 3213 hos
1611 3152 1751 3222 sint,
1778 3150 1991 3211 incerti
2008 3148 2088 3210 de
2104 3168 2211 3211 suo
2226 3158 2409 3222 statu,
2426 3149 2679 3212 aliorum
2696 3160 2910 3223 morte,

985 3245 1236 3307 aliorum
1245 3247 1390 3326 fuga
1396 3247 1492 3308 vel
1511 3247 1767 3328 gaudere
1784 3247 2267 3328 intemperanter,
2282 3246 2383 3308 vel
2396 3247 2731 3308 contristari
2746 3267 2911 3308 acer-

983 3345 1062 3404 be
1086 3354 1398 3424 cogantur.
1467 3343 1695 3425 Neque
1720 3353 1941 3405 temere
1964 3345 2319 3416 extiturum,
2344 3345 2449 3425 qui
2471 3363 2581 3425 pro
2600 3344 2913 3426 republica

983 3440 1406 3501 certaminibus
1437 3441 1795 3520 gravissimis
1824 3440 1991 3501 domi
2025 3438 2247 3501 bellive
2281 3460 2346 3501 se
2380 3439 2616 3513 offerat,
2640 3443 2695 3502 si
2722 3443 2910 3504 etiam

985 3538 1044 3596 in
1085 3557 1317 3598 summa
1357 3537 1699 3617 integritate
1732 3546 1797 3597 et
1832 3538 2223 3618 prosperrimo
2262 3557 2457 3598 rernm
2496 3557 2697 3612 cursu,
2736 3541 2912 3601 bonis

985 3632 1184 3705 factis,
1211 3634 1315 3693 ubi
1336 3632 1619 3715 praeclare
1642 3633 1949 3706 ceciderit,
1974 3633 2299 3695 &alatitius
2320 3635 2545 3705 bonon
2576 3655 2733 3716 saepe
2758 3635 2909 3698 nihil

985 3741 1198 3813 pra-,ter
1221 3731 1562 3792 inimicitias
1587 3739 1657 3791 et
1680 3730 1823 3791 odia
1846 3749 1985 3792 cum
2016 3731 2351 3811 privatione
2384 3731 2693 3811 dignitatis
2718 3734 2909 3813 pau-i-

985 3847 1158 3908 aeque
1196 3835 1260 3888 et
1299 3827 1735 3888 carissimorum
1777 3827 2089 3909 pignorum
2127 3828 2487 3910 rependatur
2506 3849 2523 3890 ε
2542 3826 2575 3864 ⁴*
2628 3847 2833 3909 neque¹
2873 3849 2912 3890 a

985 3933 1156 3984 tanta
1195 3924 1508 4004 iniquitate
1549 3933 1659 3984 aut
1700 3943 1810 3984 sua
1850 3943 2147 4004 quemque
2188 3927 2422 4000 merita,
2467 3933 2573 3986 aut
2612 3927 2911 4005 majorum

987 4021 1256 4098 ingentes
1278 4020 1487 4082 laudes
1511 4020 1740 4101 possint
1763 4019 2087 4082 vindicare.
2236 4099 2241 4104 β

1069 4123 1170 4177 36.
1216 4127 1234 4154 ⁶
1261 4116 1327 4177 Si
1367 4117 1516 4177 nihil
1553 4118 1791 4178 fecisset
1836 4115 2149 4190 Metellus,
2184 4135 2365 4197 quam
2404 4117 2569 4199 quod
2606 4117 2909 4184 domando

1371 4357 1402 4400 3
1437 4351 1675 4401 Debet-ent
1698 4351 1821 4400 edd.
1840 4359 1963 4400 ante
1985 4351 2141 4404 Crev.

1379 4422 1412 4467 4
1445 4417 1798 4480 Rependcnuar
1818 4417 2011 4482 legitur
2034 4421 2087 4469 in
2110 4418 2232 4469 edd.
2253 4425 2381 4470 ante
2402 4417 2559 4471 Crev-
