3225 5242
782 546 994 598 unm
1048 547 1211 596 mn.
1256 547 1607 620 ειιιψιςμ
1625 547 1912 598 surum.
2273 529 2450 609 4019

212 689 521 770 injuriam,
560 689 667 768 qui
706 687 879 750 loesos
920 707 985 750 se
1025 687 1341 770 putabant,
1389 687 1551 770 apud
1594 697 1864 750 senamm
1909 688 2126 769 questi,

210 787 385 848 obtin
392 794 627 858 uerunt,
650 794 717 845 ut
737 785 949 867 Appio
972 785 1203 846 consuli
1220 785 1572 867 disceptatio
1594 787 1710 846 ista
1729 786 2127 860 mandaretur,

213 884 341 944 Ille
368 891 613 963 gentem
646 883 951 943 innoxiam
980 881 1311 950 lacessendi
1342 891 1582 964 arrepto
1604 882 1804 955 titulo,
1831 885 2129 963 regionem

212 982 341 1042 late
387 981 703 1052 vastando,
742 1001 957 1062 capere
1002 1001 1169 1042 arma
1213 979 1481 1042 Salassos
1525 981 1746 1043 omissa
1789 984 2128 1043 contatione

208 1079 405 1156 cogit.
474 1077 601 1138 Sed
622 1098 761 1139 cum
780 1080 843 1137 in
860 1076 1007 1140 locis
1024 1077 1323 1160 impeditis
1340 1087 1403 1138 et
1420 1076 1760 1139 difficilibus
1777 1098 1896 1139 non
1918 1079 2128 1140 minori

210 1175 552 1255 cupiditate
572 1183 803 1254 gereret
822 1175 1072 1246 bellum,
1100 1195 1281 1256 quam
1310 1175 1738 1248 concitaverat,
1767 1175 1844 1236 sd
1865 1177 2130 1258 quinque

212 1271 419 1332 millia
434 1272 736 1348 hominum
761 1272 1007 1334 adverso
1030 1272 1237 1353 praelio
1256 1273 1535 1354 perdidit.
2154 1289 2298 1340 oros.
2321 1301 2368 1338 v.
2389 1293 2441 1339 4.

298 1375 365 1432 ¹7.
412 1369 567 1449 Ejus
590 1369 675 1429 rei
704 1371 913 1430 nuntio
934 1369 1197 1432 Romam
1232 1371 1463 1452 perlato
1478 1371 1798 1432 decemviri
1820 1371 1916 1432 M.
1937 1371 2128 1432 AEmi-
2154 1387 2186 1437 J
2191 1386 2258 1436 ul.
2279 1386 2401 1438 obn.

216 1466 371 1526 lium
392 1465 689 1546 Lepidum
706 1477 1017 1548 praetorem
1038 1466 1283 1540 adeunt,
1302 1467 1661 1540 nuntiantes,
1673 1489 1760 1540 se,
1775 1489 1916 1529 cum
1927 1471 2128 1550 prodi-

218 1564 453 1643 giorum
474 1583 659 1624 causa
674 1563 857 1626 libros
876 1563 1209 1645 Sibyllinos
1226 1566 1636 1648 inspexissent,
1657 1567 1961 1648 reperisse,
1983 1589 2132 1648 quo-

214 1662 333 1720 ties
374 1660 601 1722 bellum
629 1660 835 1722 Gallis
862 1661 1231 1722 inferendum
1255 1672 1433 1736 esset,
1472 1662 1791 1725 sacrificari
1829 1664 1891 1726 in
1928 1685 2133 1726 eorum

216 1756 445 1818 finibus
460 1767 751 1840 oportere.
796 1759 1161 1820 Monuerunt
1180 1761 1365 1822 etiam
1384 1781 1463 1823 ex
1480 1760 1692 1822 iisdem
1707 1759 1896 1834 libris,
1916 1781 2136 1843 aquam

216 1873 341 1915 non
380 1855 703 1930 Marciam,
735 1856 845 1918 sed
880 1856 1228 1918 Anienem
1212 1877 1275 1918 ιιι
1312 1856 1680 1940 Capitolium
1703 1857 2136 1939 perducendam
2192 1863 2359 1915 Front.
2376 1863 2440 1914 do

216 1961 397 2012 eme-⁶
478 1951 579 2014 De
604 1974 767 2035 aqua
793 1953 887 2016 M.
914 1953 1081 2015 Titio
1106 1956 1409 2034 negotium
1432 1955 1679 2017 datum:
1723 1957 1802 2016 ad
1835 1955 2136 2018 consulem
2154 1931 2270 1996 ΑΨ
2241 1930 2448 1980 “m

218 2069 298 2110 ex
320 2046 793 2112 decemvirorum
817 2051 1073 2131 collegio
1102 2053 1265 2112 missi
1285 2052 1429 2125 duo,
1466 2055 1573 2134 qui
1598 2054 1938 2120 nuntiarent
1959 2051 2135 2112 simul
2157 2061 2260 2112 Dio

218 2147 373 2230 qnid
412 2147 547 2210 fieri
582 2157 905 2230 oporteret,
954 2159 1345 2230 nutarentque
1384 2150 1747 2212 faciundum.
1831 2149 1936 2212 Ita
1972 2149 2141 2212 velut

220 2245 483 2328 pluentis
508 2247 847 2306 numinibus
878 2246 1091 2325 majori
1124 2248 1391 2309 omnium
1424 2267 1529 2328 spe
1566 2247 2026 2328 redintegratum
2049 2257 2140 2308 est

220 2343 492 2404 bellum:
535 2343 891 2425 collat'nque
930 2345 1111 2423 signis
1136 2345 1403 2425 quinque
1440 2343 1634 2406 millia
1672 2346 1928 2406 hostium
1959 2365 2137 2406 cusa.
2163 2347 2311 2400 Oros.

220 2441 303 2502 In
328 2441 463 2522 pari
498 2441 799 2522 utrimque
830 2441 1029 2514 clade,
1058 2461 1197 2502 cum
1223 2442 1689 2523 haudquaquam
1712 2461 1823 2523 par
1857 2441 1936 2503 ad
1969 2425 2140 2524 repa-

222 2539 413 2601 randa
452 2538 677 2600 damna
713 2537 969 2600 facultas
1012 2549 1188 2611 esset,
1247 2538 1523 2620 perculsa
1574 2559 1720 2618 gens
1771 2539 2142 2602 Salassorum

223 2637 442 2716 legatis
488 2634 569 2697 nd
614 2634 917 2696 consulem
962 2637 1154 2696 missis
1200 2636 1491 2718 imperata
1528 2636 1822 2698 facturam
1859 2636 2138 2700 ostendit.

224 2733 461 2794 Consul
478 2731 864 2803 aurifodinas,
880 2740 947 2792 et
960 2732 1123 2814 quod
1139 2753 1411 2812 agrorum
1428 2733 1488 2792 in
1506 2731 1702 2814 planis
1717 2743 1870 2806 erat,
1885 2733 2138 2794 ademit:
2164 2731 2276 2782 1.iv.
2299 2728 2434 2796 ¹21³¹*-

222 2833 533 2913 superiora
570 2830 820 2890 relicta:
864 2839 933 2890 ut
959 2839 1157 2892 tamen
1190 2849 1481 2910 aquarum
1519 2828 1598 2890 ad
1625 2831 1874 2894 metalla
1905 2831 2142 2912 copiam
2161 2797 2316 2846 strab

228 2927 664 2990 redemtor-ibus
682 2927 870 3008 pretio
895 2927 1309 2999 concederent,
1338 2936 1599 3008 pactum.

306 3033 371 3087 8.
420 3025 519 3086 Ea
534 3025 787 3086 victoria
802 3033 1035 3085 tumens
1053 3024 1299 3106 Appius
1312 3043 1451 3085 cum
1470 3023 1549 3086 ad
1566 3025 1772 3085 urbem
1791 3025 2146 3100 revertisset,
2170 3023 2272 3076 Dio
2245 3041 2295 3076 ⁰·

227 3143 347 3184 non
374 3145 417 3184 a
440 3131 674 3194 senatu,
700 3141 815 3182 non
849 3143 890 3182 a
918 3123 1143 3204 populo
1180 3122 1371 3203 petita
1396 3129 1688 3203 potestate
1727 3121 2148 3205 triumphandi,

228 3230 465 3282 mutum
488 3220 803 3302 pecuniam
826 3239 906 3280 ex
932 3220 1143 3280 aerario
1176 3219 1255 3278 ad
1282 3227 1509 3280 sumtus
1530 3218 1837 3300 triumphi,
1861 3229 2150 3301 tanquam

228 3321 515 3399 conjure,
538 3316 877 3398 postulavit.
962 3315 1146 3383 Quod
1166 3315 1291 3384 ubi,
1310 3316 1393 3377 ob
1416 3315 1772 3378 detrimenta
1787 3335 1926 3397 quae
1947 3337 2150 3398 passus
2171 3323 2314 3380 ΟΜ·

230 3416 449 3489 fuerat,
478 3435 601 3476 una
634 3434 773 3474 cum
798 3415 927 3495 ipso
948 3412 1249 3494 triumpho
1274 3421 1550 3492 negatum
1572 3423 1690 3483 est:
1737 3423 1754 3450 ‘
1786 3414 1936 3494 legis
1968 3415 2148 3475 bene-

231 3513 375 3576 ficio
393 3513 411 3540 ’
434 3512 644 3574 dicens
666 3521 687 3548 ‘
712 3529 974 3583 usurum,
1001 3531 1141 3592 quae
1165 3510 1527 3590 triumphum
1566 3511 1740 3571 daret
1765 3511 1844 3582 ei,
1877 3511 1978 3591 qui
2014 3511 2148 3572 hos-

230 3611 383 3672 tium
407 3611 675 3691 quinque
694 3607 887 3669 millia
903 3626 1026 3669 una
1045 3610 1173 3669 acie
1191 3607 1546 3678 occidisset:
1572 3609 1818 3688 privatis
1836 3609 2148 3680 sumtibus,

232 3711 463 3788 majore
482 3727 623 3768 cnm
636 3705 881 3766 infamia
898 3725 1081 3786 quam
1097 3704 1287 3784 gloria
1304 3705 1720 3786 triumphavit:
1763 3704 1904 3765 filioe
1925 3707 2150 3785 pietate

234 3805 501 3885 adjutus.
584 3803 757 3864 Nam
786 3823 925 3864 cum
964 3802 1327 3864 intercedere
1364 3823 1437 3863 ac
1473 3810 1676 3862 vetare
1713 3803 1932 3862 tribuni
1955 3800 2152 3883 plebis
2206 3802 2318 3855 th·
2337 3802 2476 3854 Max.

232 3901 485 3973 vellent,
500 3909 775 3981 essetque
792 3901 897 3980 qui
914 3901 1443 3982 praeoervehentem
1464 3898 1541 3960 de
1558 3919 1732 3960 curru
1751 3898 2150 3960 detracmrum
2175 3871 2314 3983 vbss.
2327 3947 2414 3997 pro

236 4000 644 4068 minitaretur;
689 3995 967 4059 adversus
984 4006 1417 4058 sacrosanctam
1440 4005 1820 4080 potestatem,
1837 3995 2151 4058 sacerdotii
2176 3997 2296 4049 Cel.
2315 4013 2364 4048 ο·
2380 4001 2463 4049 1⁴·

300 4193 325 4220 θ
348 4178 924 4259 ΑςιιιιιιιιιοιιΜαπίιιιι,
936 4180 1157 4230 reddati-
1243 4179 1362 4230 Hoc
1386 4181 1595 4246 postula
1598 4195 1710 4230 rev
1677 4179 1794 4229 vide
1798 4186 1885 4231 tur
1905 4187 2014 4229 tum
2043 4180 2156 4231 nni·

236 4265 375 4300 ene-
406 4251 463 4297 ιίι
496 4249 571 4298 Ca
570 4246 788 4309 puali-n
815 4246 1161 4308 manendam
1240 4259 1405 4294 verso
1442 4260 1534 4295 ora
1504 4246 1693 4295 astioni
1727 4253 2009 4306 thctura
2046 4253 2155 4295 tum

236 4315 366 4378 ene]
403 4313 507 4363 Hie
528 4319 635 4362 eta
606 4327 693 4376 apt
676 4309 743 4359 ud
768 4311 1071 4360 Frontinum
1090 4310 1161 4360 le·
1240 4311 1514 4374 speciatim
1537 4325 1636 4362 vox
1649 4311 2012 4375 manoe-aon.
2031 4311 2100 4362 Cr
2101 4323 2156 4360 e·

238 4395 307 4444 ge
276 4380 471 4430 endum
510 4389 627 4426 esse
664 4375 1095 4442 putaverimus..
1143 4409 1158 4424 .
1245 4375 1373 4426 vier-

241 4447 328 4496 κά
380 4443 657 4508 Aniensem,
722 4455 911 4507 nempe
956 4453 1161 4508 aquam.
