3225 5242
734 594 753 599 -
804 566 1011 615 unm
1064 565 1286 615 lavlll.
1328 564 1989 617 suprnnulffl‘run.

272 706 427 791 petit
452 726 495 769 α
516 708 783 781 consule,
825 716 847 747 ι
879 714 948 769 ιι
984 716 1177 771 met
1208 664 1657 792 rempublicam}
1691 717 1757 771 et
1777 707 1961 771 tonat
1979 718 2184 792 tym-

274 824 465 965 ”ugg-
506 902 719 984 Atque
758 894 886 974 ille,
930 910 949 939 ‘
971 900 1215 975 Video,’
1257 902 1472 983 inquit,
1521 910 1540 938 ‘
1563 850 1788 963 faties
1825 902 2186 985 Conscripti,

272 999 593 1083 plerosque
618 999 805 1079 magis
838 1000 949 1071 ira,
974 1018 1155 1081 quam
1191 1000 1419 1060 ratione
1460 1006 1774 1080 permotos,
1801 998 2100 1079 egregium
2124 1000 2196 1061 in'

270 1096 708 1177 rempublicam
758 1096 1021 1156 animum
1066 1096 1461 1156 turbulentius
1510 1094 1742 1175 agendo
1795 1116 2185 1178 corrumpere.

273 1190 450 1255 Nam
474 1194 524 1253 si
550 1192 628 1253 de
652 1192 984 1254 actionibus
1004 1190 1101 1253 Ti.
1126 1191 1390 1253 Gracchi
1409 1194 1712 1272 quaerimr,
1733 1202 1856 1255 tam
1875 1192 2024 1254 lenis
2045 1212 2186 1275 pro-

268 1288 433 1351 fecto
460 1308 637 1350 nemo
660 1290 793 1360 erit,
828 1290 971 1370 quin
995 1288 1330 1371 praefervidi
1356 1288 1595 1371 spiritus
1604 1292 1895 1369 juvenem
1917 1287 1998 1350 nd
2025 1288 2186 1351 foeda

271 1395 337 1448 et
358 1384 661 1467 flagitiosa
684 1386 1025 1468 prolapsum
1048 1386 1325 1447 fateatur.
1408 1384 1532 1447 Sed
1558 1386 1698 1447 ideo
1719 1386 1994 1447 nimirum
2022 1382 2192 1467 leges

268 1484 561 1556 feruntur,
602 1502 795 1543 mores
825 1493 1154 1555 servantur,
1190 1492 1254 1543 et
1286 1482 1598 1545 consilium
1624 1482 1930 1564 publicum
1951 1492 2065 1556 est,
2089 1491 2184 1557 ut,

270 1580 323 1639 si
348 1580 497 1661 quid
522 1590 833 1662 peccatum
858 1582 921 1641 in
948 1581 1193 1642 civitate
1216 1578 1415 1652 fuerit,
1458 1600 1575 1643 non
1619 1582 1871 1663 impetn,
1907 1582 2012 1663 qui
2053 1580 2182 1662 ple-

270 1698 523 1758 rumque
546 1698 741 1741 caecus
763 1688 855 1740 est
876 1686 940 1740 et
968 1676 1348 1763 improvidus,
1378 1677 1482 1739 sed
1508 1680 1735 1740 ratione
1757 1688 1822 1741 et
1831 1682 1973 1760 jure
1998 1679 2184 1740 corri-

272 1784 465 1854 gutur.
564 1774 859 1838 Intereoee
905 1776 1137 1859 aliquid
1182 1778 1332 1837 inter
1371 1774 1714 1838 seditiosum
1753 1778 2076 1851 tribunum,
2121 1787 2186 1840 et

274 1872 485 1955 populi
514 1874 779 1935 Romani
803 1884 1095 1948 senatum,
1128 1894 1365 1956 :equum
1404 1884 1529 1937 est:
1571 1884 1642 1936 ιιι
1681 1876 1742 1937 ἰιι
1785 1874 1894 1937 illo
1930 1876 2184 1937 audacia

268 1971 733 2053 reprehendatur
751 1994 783 2049 3,
800 1972 1047 2034 Curiam
1070 1974 1377 2034 maturitas
1399 1981 1591 2046 ornet,
1619 1982 1682 2033 et
1702 1993 2007 2054 nunquam
2033 1975 2182 2035 ami-

270 2088 350 2130 ca
372 2068 741 2131 festinationi
766 2071 1099 2153 prudentia.

353 2172 458 2229 54.
500 2176 521 2204 ‘
544 2166 731 2235 Quod
770 2168 821 2229 si
861 2168 1057 2229 subita
1098 2188 1206 2229 nos
1242 2166 1572 2248 indignatio
1596 2168 1926 2251 praecipitet
1947 2168 2028 2231 ad
2051 2170 2180 2232 vin-

268 2262 523 2338 dictam,
563 2264 710 2346 quid
747 2264 963 2328 deinde
1002 2265 1487 2349 respondebimus
1522 2286 1720 2327 eausae
1765 2267 1936 2327 nobis
1975 2266 2182 2340 fuisse,

267 2382 377 2423 cur
403 2362 747 2425 Gracchum
770 2363 1200 2445 plecteremus?
1226 2363 1650 2445 Allegabimus
1672 2364 1833 2443 leges
1852 2364 1932 2425 ab
1956 2386 2030 2426 eo
2052 2367 2182 2427 vio-

266 2460 448 2534 latas,
464 2462 607 2541 jura
629 2461 917 2523 convulsa
939 2462 1199 2523 civitatis
1214 2462 1243 2521 ’.θ
1270 2480 1463 2543 neque
1488 2462 1644 2523 enim
1673 2461 1838 2523 aliud
1863 2463 2182 2543 quicquam

266 2558 500 2619 crimini
536 2558 832 2622 dabimus.
916 2558 1065 2622 Non
1100 2560 1276 2641 igitur
1300 2568 1365 2621 et
1388 2580 1524 2641 quoe
1546 2560 1740 2621 civem
1782 2559 2184 2625 indemnatum

269 2658 473 2717 necari
511 2666 723 2719 vetant
754 2646 917 2739 leges
955 2659 1134 2719 sunt?
1194 2658 1403 2740 Atque
1444 2658 1569 2719 illoe
1604 2666 1776 2718 tanto
1809 2660 2022 2738 majori
2045 2678 2184 2720 cum

264 2755 533 2836 periculo
570 2764 1036 2839 perrumpentur,
1082 2766 1305 2839 quanto
1344 2757 1598 2818 cariores
1637 2754 1862 2839 populo
1901 2754 2183 2820 Romano

265 2862 430 2924 sunt,
458 2854 561 2933 qui
586 2872 708 2913 sum
742 2854 1037 2915 libertatis
1061 2855 1172 2915 illa
1192 2856 1450 2915 maxime
1476 2852 1754 2935 praesidia
1779 2874 1906 2915 esse
1931 2855 2182 2916 arbitra-

264 2958 381 3009 tur.
452 2948 575 3011 Sed
602 2948 721 3023 fac,
752 2950 955 3011 Deum
979 2950 1239 3033 aliquem
1265 2950 1601 3033 promittere
1628 2948 1801 3011 nobis
1826 2952 2064 3032 impunc
2086 2950 2180 3012 fu-

264 3056 463 3107 turum
503 3048 662 3129 quod
708 3048 957 3127 agimus.
1038 3046 1185 3109 Hoc
1226 3047 1403 3127 igitur
1443 3046 1505 3106 in
1544 3046 1974 3127 rempublicam
1999 3046 2180 3108 intro-⁶

262 3142 554 3205 ducemus
592 3144 955 3227 exemplum,
996 3151 1086 3217 ut,
1131 3143 1305 3205 simul
1346 3143 1575 3225 aliquid
1614 3144 1932 3204 admissum
1973 3164 2100 3205 esse
2141 3164 2182 3207 ιι

262 3242 553 3323 quopiam
576 3240 828 3313 dicetur,
854 3240 905 3301 is
930 3240 1229 3321 incognita
1256 3262 1462 3314 causa,
1505 3240 1828 3313 inauditus,
1871 3240 2178 3303 indemna-

261 3348 361 3399 tus
384 3338 793 3420 opprimatur?
832 3338 1003 3407 Quid
1030 3336 1402 3399 festinatione
1422 3358 1571 3421 opus
1589 3346 1700 3412 est,
1725 3336 1831 3399 ubi
1854 3340 2176 3401 contatori-

260 3437 375 3497 bus
399 3444 463 3496 et
486 3434 868 3498 consideratis
891 3456 1015 3497 esse
1035 3436 1221 3497 licet?

342 3538 446 3593 55.
475 3541 496 3569 ‘
515 3533 613 3594 At
633 3554 775 3594 vero
796 3532 1139 3595 Gracchum
1164 3532 1443 3597 diadema
1464 3554 1728 3616 poscere,
1754 3544 2022 3596 senatum
2040 3534 2176 3598 tolli

252 3628 471 3710 jubere
512 3628 807 3691 dictitant.
892 3630 1021 3691 Oro
1060 3650 1189 3703 vos,
1234 3630 1457 3691 Patres
1480 3630 1841 3713 conscripti,
1869 3633 2000 3713 quis
2023 3632 2176 3694 vidit

260 3726 569 3789 vestrum?
610 3728 746 3808 quis
780 3726 1055 3789 audivit?
1092 3734 1199 3788 aut
1234 3728 1335 3789 cui
1375 3728 1577 3789 venire
1614 3729 1676 3789 in
1715 3736 1994 3802 mentem,
2029 3730 2172 3791 dum

259 3824 337 3885 sit
361 3822 681 3887 affectibus
702 3844 921 3897 vacua,
961 3824 1164 3905 possit,
1206 3843 1544 3907 quenquam
1582 3824 1743 3885 hand
1777 3833 2039 3887 extreme
2079 3826 2170 3887 fu-

262 3922 501 3995 riosum,
543 3922 725 3983 nullis
764 3921 845 3982 ad
884 3942 1019 3983 eam
1056 3942 1179 3983 rem
1206 3924 1433 4004 paratis
1455 3922 1762 4005 proesidiis,
1789 3922 1903 3985 hoc
1927 3924 2168 3987 sedente

260 4018 532 4091 consilio,
572 4020 689 4081 hoc
729 4020 955 4102 populo
987 4020 1423 4093 circumstante,
1464 4030 1591 4083 tam
1633 4021 1814 4082 avido
1847 4020 2167 4096 libertatis,

260 4114 383 4178 tam
406 4118 633 4190 tenaci,
660 4126 789 4178 tam
824 4116 1004 4178 etiam
1032 4118 1110 4177 ab
1134 4118 1295 4179 omni
1316 4118 1613 4179 servitutis
1635 4120 1930 4180 mentione
1953 4128 2018 4181 et
2041 4140 2166 4181 nm-

260 4212 369 4278 bra
392 4214 772 4289 abhorrente,
772 4212 799 4248 ³
838 4235 915 4277 ea
938 4213 1037 4275 die
1070 4214 1257 4289 claro,
1282 4214 1419 4277 loco
1444 4224 1569 4279 tam
1592 4214 1812 4279 celebri
1835 4217 2167 4299 postulatu-

685 4420 716 4465 8
746 4415 1101 4469 ‘Aletum-restem
1122 4422 1245 4469 ante
1268 4416 1339 4466 Cr
1316 4430 1424 4467 rev.
1443 4414 1730 4482 legebatur.

393 4498 569 4565 Delpfi.
588 4502 641 4549 et
664 4498 781 4549 Ver.
804 4499 935 4549 Cla.
1258 4497 1444 4550 Livius.

2331 544 2506 619 4121

2211 4498 2359 4549 ΗΚ
