3225 5242
777 568 989 620 muni
1047 567 1325 618 nxvm.
1371 569 2025 622 surranum-un.
2342 553 2518 620 4357
2569 625 2575 632 ,

277 712 442 773 exire
471 711 754 792 quosdam
781 713 982 792 jubet.
1054 711 1296 774 Interea
1317 711 1470 774 solvi
1493 713 1779 785 sarcina,
1804 711 2023 794 deponi
2048 730 2191 772 one-

275 829 364 879 ra,
393 809 580 868 deseri
605 805 842 870 ordines
867 829 938 868 nc
963 809 1132 888 signe
1158 819 1342 870 vetat.

355 911 458 966 54.
523 905 624 965 Itu
666 905 900 988 decepti
944 905 1198 978 Cimbri,
1243 905 1386 966 dum
1421 907 1642 967 stativa
1684 905 1809 967 illic
1854 906 2189 986 habiturum

275 999 626 1062 Romanum
666 1010 899 1083 putant,
938 1003 1050 1083 ipsi
1091 1023 1329 1083 quoque
1373 1002 1582 1063 cestris
1615 1023 1829 1083 cupere
1872 1003 2095 1072 locum,
2130 1012 2194 1062 et

272 1099 604 1159 necessaria
631 1119 708 1159 ex
747 1101 986 1178 regione
1021 1100 1236 1160 circum
1230 1101 1403 1179 jecta
1439 1119 1512 1160 eo
1549 1109 1897 1160 convectare
1922 1101 2191 1160 institue-

274 1187 434 1256 runt.
489 1195 674 1262 Quod
697 1197 797 1256 ubi
822 1195 1044 1273 fectum
1074 1197 1388 1278 proconsul
1411 1195 1853 1267 animadvertit,
1874 1198 2187 1275 majorem-

274 1313 396 1374 que
425 1291 800 1354 Cimbrorum
839 1301 1069 1374 purtem
1101 1313 1204 1375 per
1229 1314 1404 1373 egros
1425 1313 1711 1374 sparsam,
1736 1291 2189 1354 subito-eductis

272 1388 463 1470 copiis
489 1397 551 1449 et
585 1409 819 1450 amnem
857 1389 1288 1462 transcendere,
1329 1398 1394 1450 et
1425 1399 1626 1450 castra.
1658 1391 1913 1450 hostium
1948 1391 2186 1450 turbare

271 1487 484 1571 potuit.
572 1487 729 1547 Cum
769 1487 986 1548 deinde
1025 1487 1338 1548 Marianus
1375 1489 1674 1548 exercitus
1715 1488 1989 1559 venisset,
2022 1495 2186 1548 trum

271 1581 490 1644 flumen
525 1582 734 1643 iterum
766 1593 964 1644 castra
1000 1593 1202 1645 mota:
1249 1594 1318 1644 ut
1351 1583 1534 1644 Italia
1565 1581 1891 1666 cispndnnn
1932 1585 2012 1644 ab
2047 1584 2183 1644 hos·
2205 1585 2337 1637 Plut-

265 1679 418 1739 tium
444 1679 874 1740 incursionibus
897 1688 1030 1740 11118
1051 1689 1222 1740 esset.

351 1783 452 1836 55.
497 1775 596 1835 Ibi
640 1775 710 1836 L.
752 1776 1014 1837 Cornelii
1057 1773 1248 1858 Synae
1281 1776 1571 1859 praeclnrn
1609 1797 1793 1859 opero
1826 1778 2049 1850 extitit,
2076 1779 2181 1859 qui
2205 1783 2343 1836 Pht.
2360 1785 2480 1852 Syll.

267 1870 576 1933 infensus’
560 1873 896 1953 invisusque
934 1873 1135 1934 Mario
1172 1873 1251 1934 ad
1292 1872 1377 1940 Q.
1413 1873 1700 1935 Catulum
1732 1895 1795 1935 se
1825 1875 2179 1948 contulerat,

263 1978 334 2030 et
377 1971 652 2029 maximis
695 1971 1026 2050 quibusque
1061 1972 1234 2030 rebus
1280 1970 1358 2030 nb
1403 1991 1479 2030 eo
1521 1970 1855 2051 praefectus,
1899 1972 2183 2033 ndversus
2260 2047 2267 2056 ,

265 2061 578 2146 Inalpinas
607 2075 810 2144 gentes
843 2067 1033 2127 11111118
1061 2086 1339 2148 prospere.
1370 2065 1576 2147 praelia
1612 2065 1858 2128 fecerat.
1943 2066 2012 2128 Is
2047 2077 2177 2128 111111

263 2171 434 2222 arcto
477 2161 698 2242 ubique
743 2171 1098 2234 commeatu,
1135 2183 1272 2223 cum
1311 2183 1392 2224 ex
1427 2183 1570 2242 agro
1610 2164 2043 2224 vastationibus
2068 2183 2176 2223 ex-

262 2257 478 2318 hausto
499 2260 651 2318 tanti
677 2259 878 2320 alendi
915 2258 1209 2320 exercitus
1237 2268 1450 2332 essent,
1483 2258 1593 2320 1811
1630 2257 1917 2320 industris
1940 2259 2083 2338 egit,
2110 2267 2180 2320 ut

261 2362 330 2414 et
369 2353 575 2416 Catuli
614 2356 805 2439 copiis
845 2375 1138 2418 annonem
1181 2358 1418 2417 uberem
1465 2364 1793 2438 praestaret,
1844 2365 1910 2417 et
1954 2357 2032 2416 ab
2084 2357 2181 2417 1111

259 2453 447 2514 etiam
477 2451 884 2514 Marianorum
918 2453 1216 2514 sublevari
1239 2462 1469 2533 egestus
1495 2461 1730 2534 posset:
1773 2451 1912 2513 hinc
1938 2473 2176 2538 quoqne

262 2549 456 2610 auctis
479 2549 630 2608 inter
656 2549 957 2610 consulem
981 2557 1044 2610 et
1070 2549 1304 2630 Syllam
1329 2548 1500 2610 odiis.

345 2651 448 2706 56.
479 2644 710 2706 Cimbri
737 2646 1086 2724 conjunctos
1111 2645 1418 2708 adversum
1436 2665 1499 2705 se
1519 2643 1933 2706 Romanorum
1952 2645 2175 2706 exerci-
2245 2652 2332 2704 lut.
2353 2651 2487 2701 Mar.

264 2751 366 2802 tus
387 2742 586 2802 venire
612 2743 959 2822 conspicati,
989 2742 1218 2821 legatos
1243 2741 1322 2802 ad
1347 2741 1651 2802 consulem
1678 2743 1980 2814 miserunt,
2007 2762 2179 2820 agros

194 2853 203 2856 “
258 2839 556 2918 urbesque
589 2839 710 2901 suis
745 2847 806 2898 et
844 2837 1088 2922 fratrum
1123 2838 1364 2898 sedibus
1399 2837 1749 2898 suffecturas
1792 2839 2175 2918 postulantem

257 2933 566 2995 Teutonos
589 2934 746 2994 enim
771 2933 964 2995 adhuc
989 2935 1412 3015 expectabant,
1434 2933 1510 2994 de
1536 2933 1711 2994 clade
1738 2933 1974 2994 illorum
2001 2935 2174 2994 nihil-

197 3051 204 3058 ’
259 3029 406 3090 dum
430 3030 758 3102 credentes,
783 3032 957 3109 cujus
981 3033 1160 3090 etiam
1186 3031 1424 3090 nuntios
1441 3030 1949 3094 excruciaverunt.
2036 3029 2174 3090 Μ8-

260 3126 386 3186 rius
410 3128 681 3207 quaesito,
708 3147 858 3206 quos
881 3126 972 3186 illi
999 3126 1208 3186 fratres
1231 3126 1514 3198 dicerent,
1542 3145 1679 3185 cum
1703 3122 1960 3185 Teutoni
1984 3127 2175 3186 nomi·

258 3233 562 3294 narentur,
588 3223 918 3284 ridentibus
943 3225 1046 3303 qui
1083 3221 1354 3294 aderant,
1382 3230 1401 3259 ‘
1423 3221 1747 3294 omittite:
1776 3221 1989 3301 inquit,
2012 3231 2031 3258 ‘
2053 3222 2173 3282 fra-

257 3329 399 3380 tres.
482 3319 714 3381 Tenent
759 3309 846 3380 hi'
869 3327 1175 3400 acceptam
1217 3339 1256 3378 8
1293 3319 1464 3380 nobis
1504 3327 1743 3392 terram,
1788 3327 1853 3379 et
1890 3326 2174 3379 aeternum

259 3416 594 3476 tenebunt?

342 3517 444 3575 57.
485 3511 640 3572 Τ11111
687 3510 866 3591 legati
915 3531 980 3570 se
1032 3509 1288 3572 ludibrio
1338 3510 1546 3572 baberi
1585 3511 1923 3597 sentientes,
1968 3531 2172 3593 poenas

261 3607 465 3668 Mario
503 3609 712 3668 minati
749 3616 906 3679 sunt,
941 3626 1090 3686 quas
1106 3605 1135 3640 ⁴
1170 3606 1430 3668 Cimbris
1467 3607 1711 3668 daturus
1744 3616 1899 3668 esset
1930 3609 2167 3677 statim:

255 3702 566 3776 Teutonis,
601 3703 774 3764 11111111
799 3711 980 3783 utque
1013 3701 1335 3765 affuissent.
1418 3713 1437 3740 ‘
1461 3703 1661 3784 Atqui
1692 3703 1949 3776 811111111,’
1978 3705 2169 3783 inquit

259 3799 532 3861 Murius:
577 3811 594 3836 ⁶
619 3820 809 3882 neque
843 3820 985 3860 enne
1009 3799 1184 3860 civile
1218 3799 1392 3871 foret,
1418 3821 1525 3864 vos
1547 3801 1827 3860 fratribus
1844 3801 2051 3862 vestris
2078 3801 2167 3858 in-

255 3896 532 3958 salutatis
573 3897 917 3958 discedere?
1000 3895 1110 3956 Ad
1155 3895 1317 3976 quod
1364 3898 1632 3968 verbum,
1668 3915 1803 3956 cum
1849 3893 2167 3956 introducti

255 3993 660 4054 Teutonorum
686 3994 875 4074 reguli
907 3993 1092 4055 vincti
1125 4002 1340 4066 essent,
1366 3993 1554 4055 omnis
1586 3992 1665 4053 de
1694 3992 1931 4054 fortuna
1965 4011 2167 4052 eorum

259 4101 503 4156 exemtn
524 4091 817 4154 dubitatio
842 4102 966 4162 est:
1014 4092 1362 4172 cimbrique
1387 4092 1480 4152 his
1503 4091 1679 4152 rebus
1714 4091 1952 4162 auditis,
1978 4091 2166 4150 conti-

265 4210 386 4250 nuo
427 4199 738 4251 moverunt
775 4198 992 4262 castra,
1035 4198 1098 4249 et
1134 4208 1273 4251 cum
1309 4187 1512 4269 paucis
1548 4207 1783 4254 suorum
1828 4188 1907 4250 nd
1940 4185 2165 4248 vallum

885 4394 918 4442 4
959 4389 1088 4446 Quot
1108 4387 1226 4438 edd.
1251 4393 1372 4439 ante
1395 4387 1550 4440 Crev.
