3225 5242
751 562 962 613 mam
1020 560 1180 613 axi.
1225 558 1872 611 surranum-run.
2251 540 2425 609 4197

204 706 266 764 in
291 702 476 785 pedes
493 722 558 765 se
575 700 920 777 demisisset,
941 706 1226 788 proximis
1249 724 1470 783 aegrnm
1493 702 1977 775 sustentantibus,
2004 722 2101 763 or·-
2121 714 2335 783 Appi-n.

201 800 458 863 dinabat
479 803 692 873 aciem,
719 804 938 865 milites
969 803 1414 876 cohortabatur,
1447 802 1596 883 quid
1636 802 1764 863 fieri
1802 803 1861 861 in
1902 819 2103 881 pugna

201 899 391 960 vellet
411 899 720 962 edocebat.

278 1004 384 1058 45.
429 997 822 1077 Diligentiam
859 999 1282 1079 consiliumque
1321 998 1615 1059 consulis
1600 1017 1804 1077 ingens
1827 996 2099 1069 victoria,
2154 1000 2311 1115 Βῦῖδ-
2330 1014 2385 1047 ιν

201 1104 265 1156 et
288 1104 516 1176 quanta
540 1116 618 1155 ex
637 1116 710 1156 eo
734 1095 902 1157 hoste
928 1106 1098 1179 parta
1129 1116 1432 1177 nunquam
1473 1095 1687 1165 fuerat,
1726 1094 2098 1176 approbavit.
2123 1068 2287 1175 ἱξιω
2262 1096 2393 1193 2⁹1,st

203 1190 312 1253 Ad
348 1192 609 1253 ducenta
647 1192 836 1254 millia
869 1192 1184 1255 Gallorum
1225 1193 1404 1254 fuisse
1440 1192 1787 1254 referuntur.
1872 1191 1971 1251 Ex
2012 1192 2107 1253 his
2126 1194 2265 1243 010⁸·

201 1291 306 1372 qui
335 1290 663 1364 minimum,
689 1300 925 1351 centum
947 1292 1158 1371 viginti
1182 1290 1374 1352 millia
1397 1308 1591 1362 caesag
1634 1290 1735 1370 qui
1762 1289 2101 1371 plurimum,
2125 1305 2341 1375 Appia„

197 1398 442 1449 centum
461 1388 892 1469 quinquaginta
909 1389 1218 1449 interemta
1242 1390 1442 1461 armis,
1469 1395 1576 1447 aut
1607 1388 1781 1468 aquis
1814 1386 2107 1447 suffocata

197 1484 608 1567 prodiderunt.
680 1486 824 1547 Nec
847 1486 1127 1565 insignior
1150 1486 1400 1547 victoria
1421 1484 1598 1546 clade
1624 1484 1904 1556 hostium,
1925 1503 2107 1565 quam

197 1584 446 1645 victoris
471 1584 766 1644 exercitus
785 1584 1190 1645 incolumitate
1215 1584 1348 1655 fuit,
1381 1604 1460 1643 ex
1485 1604 1606 1664 quo
1632 1582 1847 1643 milites
1868 1582 2107 1642 omnino

199 1680 544 1761 quindecim
565 1682 762 1741 amissi
786 1681 1134 1742 referuntur.
1209 1681 1372 1743 Satis
1396 1690 1664 1762 apparet,
1700 1681 1897 1743 subito
1936 1682 2103 1741 inva-

196 1776 470 1839 dentium
507 1780 728 1860 impetu
762 1778 1242 1859 perterrefactum
1275 1779 1526 1849 hostem,
1563 1798 1705 1839 cum
1738 1786 1799 1840 et
1838 1778 2103 1838 multitu-
2126 1770 2270 1825 0¹⁰⁸·

199 1875 342 1937 dine
368 1896 500 1948 sua,
527 1885 589 1936 et
621 1875 956 1937 transeundi
981 1876 1178 1937 studio
1209 1877 1651 1959 praepediretur,
1678 1896 1873 1957 neque
1909 1878 2101 1957 expli-

198 1982 406 2035 catam
427 1974 638 2045 aciem,
665 1994 856 2055 neque
874 1975 1110 2035 omnino
1130 1976 1346 2055 provisi
1374 1975 1643 2055 parative
1670 1975 1987 2055 quicquam
2024 1974 2103 2035 ad

197 2070 472 2153 praelium
486 2070 776 2132 habuisse.
825 2071 1022 2150 Igitur
1039 2092 1259 2153 pugna,
1277 2072 1616 2131 cadentium
1638 2072 1827 2150 magis
1838 2090 2102 2145 numero,

199 2188 385 2249 quam
410 2168 794 2249 pugnantium
818 2170 1048 2241 robore,
1079 2170 1221 2229 satis
1260 2170 1364 2229 diu
1401 2178 1753 2241 sustentata,
1792 2178 2103 2249 postquam

199 2264 466 2345 perditas
505 2288 631 2327 esse
665 2288 758 2327 res
791 2269 1086 2348 apparuit,
1123 2267 1204 2327 ad
1242 2274 1482 2347 pontem
1515 2266 1776 2327 confusis
1802 2266 2105 2327 ordinibus

199 2364 528 2427 multitudo
547 2368 750 2443 ingens
773 2368 1128 2448 properavit.
1194 2367 1321 2434 Qui
1357 2365 1509 2426 mole
1532 2358 1779 2446 pressus,
1806 2364 2107 2427 dissolutis

198 2462 479 2536 vinculis,
497 2463 686 2524 multa
705 2464 1008 2525 hominum
1027 2464 1218 2525 millia
1245 2464 1452 2524 mediis
1476 2464 1534 2523 in
1557 2460 1837 2523 fluctibus
1856 2463 2105 2544 rapidis-

196 2558 333 2619 simi
361 2561 550 2621 amnis
569 2562 859 2643 exposuit.

281 2664 390 2717 46.
433 2656 679 2729 Consul,
725 2660 900 2720 rebus
941 2680 1019 2720 ex
1072 2660 1250 2719 animi
1301 2660 1592 2719 sententia
1633 2656 2101 2738 procedentibus,
2130 2665 2257 2718 Plin.

201 2757 390 2815 etiam
425 2758 686 2837 corporis
723 2760 1036 2819 sanitatem
1063 2778 1140 2818 ex
1178 2758 1292 2817 ista
1327 2758 1455 2817 acie
1492 2755 1731 2815 retulit:
1772 2757 1897 2815 sive
1925 2756 2105 2815 animi

205 2852 460 2913 intentio
485 2862 550 2915 et
576 2854 746 2915 labor
759 2856 1050 2916 hortantis
1069 2876 1202 2915 suos
1221 2854 1468 2936 dispulit
1491 2854 1729 2925 febrim,
1748 2854 1871 2913 sive
1898 2840 2109 2913 laeti'tia

205 2950 476 3011 victoriae
521 2956 803 3014 excussit.
907 2952 1040 3013 Res
1083 2955 1237 3014 enim
1283 2974 1423 3013 sane
1469 2973 1685 3031 magna
1732 2960 1899 3029 gesta
1942 2962 2104 3011 erat.

203 3050 751 3132 potentissimaeque
784 3052 1060 3111 civitates
1091 3072 1206 3110 non
1243 3050 1588 3111 tentandam
1624 3048 1785 3108 ultra
1814 3048 2107 3108 fortunam
2166 3048 2277 3096 Mar
2278 3048 2372 3093 “h

207 3144 354 3205 belli
400 3156 570 3218 ratae‚
611 3149 786 3209 bonis
826 3149 1266 3209 conditionibus
1313 3149 1370 3207 in
1413 3146 1590 3207 fidem
1634 3119 2429 3227 acceptae.Ex¹5sev]1²⁰'10‚

206 3243 384 3303 unius
417 3246 652 3311 nomine
685 3244 912 3305 Fabius
936 3244 1364 3323 Allobrogicus
1395 3243 1751 3324 appellatus.
1833 3241 2111 3323 Populos
2165 3244 2209 3291 V
2214 3244 2277 3291 al.
2294 3242 2432 3289 Max.

207 3340 356 3400 istos
403 3342 650 3422 reperio,
700 3362 837 3403 cum
888 3342 1114 3423 duplici
1161 3342 1336 3403 clade
1383 3340 1659 3423 perculsi,
1706 3360 1821 3399 non
1866 3348 1991 3399 tam
2031 3324 2192 3399 de¹¹

209 3455 360 3517 pace
389 3436 666 3519 petenda,
692 3459 874 3518 quam
910 3440 990 3499 ab
1025 3448 1158 3499 utro
1183 3439 1532 3519 imperatore
1567 3446 1887 3517 peteretur,
1920 3436 2109 3515 agita-

205 3541 360 3603 rent,
390 3535 556 3611 (nam
576 3534 774 3597 adhuc
796 3534 1140 3615 proconsule
1163 3534 1470 3615 imperium
1497 3536 1555 3593 in
1577 3533 1787 3593 eadem
1808 3533 2113 3613 provincia

210 3628 329 3690 Cn.
372 3630 672 3691 Domitius
713 3632 1076 3711 obtinebat‚)
1119 3632 1358 3692 tandem
1393 3632 1474 3691 ob
1513 3631 1757 3710 majoris
1798 3630 2114 3709 potestatis

209 3744 449 3800 nomen,
479 3737 544 3788 et
577 3727 738 3809 quod
768 3748 972 3788 verum
1006 3730 1306 3799 rebantur,
1334 3729 1390 3787 ei
1418 3748 1480 3787 se
1509 3726 1661 3787 finiti
1689 3724 1831 3786 belli
1860 3725 2109 3803 gloriam

207 3822 379 3895 dare,
417 3826 517 3884 cui
551 3824 926 3885 illustriorem
967 3826 1042 3885 de
1078 3844 1140 3884 se
1173 3824 1484 3885 victoriam
1524 3824 1633 3884 Dii
1670 3823 1993 3891 dedissent,
2030 3821 2109 3880 ad

205 3920 472 3981 consulis
503 3920 778 3983 dextram
815 3920 1170 4000 confugisse.

287 4024 395 4081 47.
438 4018 624 4085 Quod
660 4020 806 4098 quia
839 4016 1056 4079 Bituiti
1098 4018 1250 4098 regis
1285 4016 1643 4079 auctoritate
1684 4014 1909 4074 factum
1944 4013 2107 4073 dice-

207 4115 408 4185 batur,
448 4116 562 4175 Cn.
598 4114 926 4185 Domitius,
957 4116 1060 4195 qui
1103 4123 1335 4196 pacatae
1367 4112 1592 4173 Galliae
1626 4110 1863 4171 titulum
1899 4108 2107 4169 arden-

206 4220 299 4271 ter
329 4212 776 4293 concupiverat,
803 4210 1011 4271 ulcisci
1043 4211 1307 4271 dolorem
1339 4228 1510 4270 suum
1541 4208 1779 4267 minime
1814 4224 2112 4267 commen-

209 4307 404 4369 dabili
429 4318 558 4369 arte
591 4310 821 4368 statuit.
905 4308 1150 4389 Quippe
1183 4308 1505 4377 Bituitum,
1532 4304 1701 4385 quasi
1727 4303 1803 4363 de
1836 4301 2113 4362 maximis

209 4406 390 4465 rebus
422 4404 686 4485 colloqui
725 4424 858 4465 cum
895 4424 968 4465 eo
997 4413 1264 4486 cuperet,
1293 4406 1352 4464 in
1377 4424 1486 4465 sua
1510 4400 1789 4485 praesidia
1816 4398 2107 4469 evocavit.
