3225 5242
739 576 948 624 unm
1003 572 1237 625 cxix.
1281 570 1936 623 SUPPLEMENTUM·
2280 548 2457 617 438⁵

205 718 342 791 bus,
389 716 472 779 ad
511 736 694 779 annos
733 717 858 779 fere
897 726 1150 799 quatuor
1180 717 1347 797 gesti.
1435 714 1724 777 Caecilius
1751 712 2125 783 Calactinus,

207 815 434 876 nobilis
459 836 537 875 ex
568 814 779 875 Sicilia
804 815 1023 884 rhetor,
1047 802 1108 875 et
1129 814 1490 895 temporibus
1509 814 1671 872 hisce
1698 812 2023 892 proximus,
2049 808 2127 868 de
2173 806 2347 866 Quint.
2370 823 2459 857 1¹¹·

207 912 330 971 hoc
345 913 675 993 ceterisque
701 912 876 971 bellis
903 910 1128 971 Siciliae
1152 910 1460 971 servilibus
1487 909 1973 971 commentarium
1998 906 2127 966 edi·
2152 879 2403 1003 ¹b30„5,·

209 1008 344 1068 dit:
387 1010 449 1068 in
483 1028 606 1089 quo
641 1006 760 1067 fuit
793 1008 1205 1089 perscriptum,
1237 1017 1546 1068 consumta
1581 1006 1654 1065 iis
1678 1026 1803 1065 esse
1829 1023 2127 1064 servorum
2151 1002 2375 1069 opiauad
2450 1041 2457 1049 -

210 1106 414 1175 decies
435 1114 688 1167 centena
707 1106 921 1169 millia.
1008 1099 1190 1165 Unde
1217 1106 1504 1185 suspicari
1531 1103 1699 1175 licet,
1726 1103 1935 1183 quanti
1974 1101 2129 1161 sera-
2155 1068 2459 1185 οέζὴίῗξζ.

209 1204 466 1263 cissimae
491 1202 700 1263 insulae
726 1223 836 1263 sua
859 1202 1136 1264 fertilitas
1161 1203 1426 1272 steterit3
1471 1210 1535 1262 et
1558 1220 1739 1281 quam
1765 1198 1968 1271 facile,
1997 1218 2133 1281 quae
2156 1202 2240 1248 ²⁰·

211 1298 398 1378 vulgo
421 1300 686 1361 maxima
709 1299 1016 1361 felicitatis
1049 1300 1439 1363 instrumenta
1474 1306 1781 1379 putantur,
1822 1298 1872 1356 si
1895 1298 2137 1377 justitia
2159 1258 2290 1315 nm·

211 1404 278 1456 et
301 1398 696 1478 temperantia
719 1398 900 1468 absit,
929 1399 992 1457 in
1017 1396 1376 1457 contrarium
1401 1404 1659 1457 vertant.

293 1500 402 1561 48.
445 1493 668 1555 Iisdem
687 1494 1024 1556 consulibus
1041 1494 1322 1555 adversus
1343 1492 1661 1553 Lusitanos
1688 1510 1961 1573 prospere
1987 1510 2134 1571 pug·
2158 1491 2191 1543 J
2196 1490 2263 1539 ul.
2282 1490 2403 1540 obn.

215 1598 426 1651 natium
443 1610 573 1651 esse
605 1577 855 1672 reperio.
919 1590 990 1651 L.
1008 1588 1356 1651 Cornelium
1381 1587 1771 1651 Dolabellam
1802 1590 1861 1648 in
1904 1586 2135 1668 Hispa·
2162 1574 2299 1637 Fufi‘
2304 1584 2469 1651 Capit.

215 1686 322 1747 nia
369 1694 498 1747 tum
537 1686 720 1747 fuisse
739 1664 1026 1755 'certum3
1093 1687 1424 1747 exercitum
1474 1704 1715 1766 quoque
1766 1682 2136 1754 Romanum,

215 1782 504 1847 credibile
544 1792 670 1843 est:
714 1785 860 1863 quia
893 1785 1005 1844 sub
1037 1784 1270 1844 initium
1308 1786 1439 1863 ejus
1479 1783 1619 1843 anni
1656 1780 2030 1863 profligatum
2073 1781 2135 1840 in

221 1878 440 1939 Sicilia
461 1879 710 1950 bellum,
737 1900 874 1940 cum
896 1879 1160 1940 Cimbris
1176 1890 1314 1940 ante
1335 1877 1570 1939 finitum
1596 1878 1795 1938 fuerat
1809 1897 1827 1947 ;
1857 1898 1993 1958 quae
2018 1876 2139 1936 duo
2196 1876 2413 1943 Appiani.

219 1974 649 2063 impedimenta
671 1996 779 2058 per
803 1977 1043 2057 aliquot
1065 1996 1252 2037 annos
1278 1976 1486 2057 copias
1523 1976 1586 2035 in
1610 1974 1973 2055 Hispaniam
1998 1973 2140 2033 duci
2164 1944 2295 1993 Iber.

219 2072 670 2153 prohibuerant.

305 2174 408 2229 49.
453 2168 624 2230 Novi
665 2168 882 2231 deinde
923 2169 1148 2230 tribuni
1185 2167 1380 2251 plebis
1413 2188 1551 2229 cum
1585 2167 1917 2237 inivissent,
1946 2164 2143 2227 acrius
2197 2171 2415 2251 ..Appiam

219 2264 304 2325 de
341 2267 718 2327 revocatione
767 2266 1008 2328 Metelli
1038 2275 1276 2337 actum;
1321 2275 1387 2327 et
1427 2286 1464 2325 e
1501 2266 1693 2327 veteri
1732 2248 1989 2343 collegio
2024 2272 2145 2323 tres
2164 2237 2313 2288 emi.
2336 2252 2377 2287 ¹·

221 2362 514 2443 postuslati
539 2374 716 2424 sunt:
757 2384 794 2424 e
821 2366 1040 2445 quibus
1063 2364 1332 2425 damnati
1357 2364 1501 2435 duo,
1530 2364 1737 2424 tertius
1751 2370 1891 2423 ante
1910 2370 2143 2422 senten-

221 2462 376 2521 tiam
391 2460 668 2539 judicum
695 2482 898 2543 poenas
923 2462 1113 2523 dedit.
1197 2461 1274 2525 C.
1297 2461 1631 2524 Canuleius
1654 2461 1923 2522 tribunus
1952 2460 2147 2541 plebis

221 2557 390 2619 diem
415 2558 500 2621 P.
533 2558 718 2620 Furio
741 2559 996 2622 dixerat.
1081 2558 1206 2621 Sed
1231 2578 1395 2621 reum
1422 2561 1696 2621 omnibus
1711 2559 1869 2620 notis
1894 2556 2145 2639 turpitu-
2204 2552 2311 2604 cic.
2332 2566 2423 2619 ΡΝ
2448 2582 2455 2588 ·

223 2657 384 2716 dinis
407 2656 718 2737 insignem,
745 2658 1068 2738 praesertim
1103 2659 1184 2718 ob
1217 2656 1462 2719 Metelli
1488 2658 1596 2717 Pii
1623 2655 2045 2719 contumeliam
2070 2674 2147 2715 ea
2168 2616 2305 2733 ¹³33
2314 2622 2442 2749 ξρῗ·

224 2754 534 2814 concionis
583 2753 812 2815 invidia
852 2754 1114 2837 excepit,
1153 2762 1243 2827 ut,
1283 2756 1627 2837 priusquam
1663 2754 1867 2815 dicere
1900 2770 2145 2813 causam
2168 2748 2343 2862 Xalq&

225 2860 454 2934 posset,
481 2872 520 2911 a
545 2850 777 2913 furente
803 2851 1028 2934 populo
1053 2852 1504 2933 discerperetur.
2220 2828 2386 2879 pm

314 2954 416 3009 50.
459 2948 536 3009 G.
578 2947 908 3021 Decianus,
939 2950 1044 3030 qui
1077 2950 1258 3011 modo
1294 2950 1356 3010 in
1393 2950 1705 3010 tribunatu
1731 2946 1802 3009 L.
1830 2946 2147 3009 Valerium
2204 2940 2312 2993 0³⁶·
2332 2956 2421 3007 1³¹⁰

2174 3006 2305 3058 mne.
2319 3010 2467 3057 aas.
2590 2990 2603 3007 “

227 3045 526 3107 Flaccum
565 3044 802 3107 aedilem
843 3045 1114 3108 curulem
1157 3047 1378 3109 frustra
1413 3053 1820 3125 accusaverat,
1846 3046 1937 3105 vir
1970 3044 2153 3106 factis
2174 3070 2289 3121 vd,
2308 3072 2452 3120 Mu,

229 3144 542 3215 innocens,
571 3144 653 3203 ob
677 3144 863 3204 verba
901 3144 1178 3223 quaedam
1207 3144 1677 3205 incommodiora
1698 3142 2017 3203 damnatus
2040 3152 2149 3204 est.
2177 3140 2360 3186 ΨΜ·
2381 3140 2433 3189 ²·

231 3240 306 3301 Is
347 3258 588 3320 quoque
623 3239 708 3300 P.
759 3239 1005 3300 Furium
1051 3249 1456 3311 accusaverat,
1493 3249 1557 3301 et
1587 3241 1651 3300 in
1692 3260 1769 3300 ea
1804 3240 2041 3301 actione
2074 3239 2153 3300 de
2212 3248 2319 3301 Cic.
2340 3264 2428 3316 pm

230 3346 428 3399 morte
479 3336 786 3398 Saturnini
840 3339 1222 3418 interjecerat
1272 3338 1584 3419 querelas:
1654 3336 1908 3418 ideoque
1960 3356 2153 3419 neque
2180 3314 2313 3365 ΒΨ·

229 3432 544 3517 damnavit
583 3453 774 3505 reum,
811 3443 874 3494 et
908 3436 1034 3515 ipse
1057 3436 1302 3495 civitate
1329 3434 1544 3496 caruit.
1616 3433 1909 3513 Ejusdem
1944 3432 2153 3493 Satur·
2211 3428 2327 3479 Vt!-
2348 3428 2484 3483 Mu·

231 3530 362 3589 nini
389 3530 648 3591 infausta
673 3533 956 3592 memoria
983 3532 1130 3593 Sex.
1157 3535 1340 3593 etiam
1360 3532 1588 3592 Titium
1615 3532 1678 3591 in
1716 3530 1965 3591 exilium
1988 3532 2153 3610 egit:
2183 3508 2315 3611 '352
2329 3496 2450 3607 {12⁸⁶

233 3627 346 3707 qui
373 3636 692 3688 accusatus
715 3629 798 3687 ob
823 3628 967 3702 alia,
999 3630 1092 3689 M.
1119 3630 1300 3691 etiam
1327 3630 1586 3689 Antonii
1605 3628 1954 3688 testimonio
1988 3646 2152 3687 reum
2177 3622 2265 3671 0¹·-
2282 3640 2345 3673 11·
2370 3628 2456 3674 ll·

234 3733 546 3795 onerante,
599 3732 798 3783 tamen
851 3734 982 3785 erat
1028 3746 1332 3798 evasurus,
1393 3746 1532 3787 cum
1585 3725 1879 3804 gratiosus
1922 3724 2157 3801 agraria,
2182 3687 2454 3818 νᾶιίαξζ·

236 3820 400 3900 lege,
445 3830 509 3881 et
547 3841 586 3880 a
623 3820 922 3901 plerisque
962 3822 1246 3883 innocens
1290 3824 1626 3892 haberetur,
1672 3819 1807 3893 nisi,
1846 3828 2160 3901 propterea
2184 3814 2315 3867 Rab.

237 3917 408 3999 quod
435 3919 754 3997 imaginem
784 3919 854 3979 L.
884 3918 1138 4001 Apuleii
1161 3919 1324 3981 domi
1344 3920 1631 3991 habebat,
1657 3916 1955 3997 suffragiis
1978 3917 2161 3977 totius

237 4016 548 4077 concionis
571 4025 726 4077 esset
750 4036 1080 4097 oppressus.

269 4170 284 4181 .
329 4118 431 4174 51·
479 4110 648 4193 Inter
687 4112 816 4175 haec
855 4122 980 4173 tam
1022 4122 1232 4195 aperta
1255 4112 1590 4195 Apuleiani
1624 4111 1877 4172 nominis
1904 4108 2047 4169 odia
2070 4106 2157 4175 Q.
2188 4094 2493 4211 vyffffffu·

245 4207 528 4270 Calidius
571 4211 940 4289 rog-ationem
981 4210 1058 4271 de
1095 4210 1178 4277 Q.
1211 4208 1472 4271 Metello
1505 4207 1843 4271 revocando
1872 4204 2158 4288 pertulit:
2218 4224 2367 4277 Auct.
2384 4224 2449 4275 do

243 4326 430 4387 quam
456 4326 581 4366 rem
609 4326 792 4388 prope
817 4328 924 4388 per
947 4308 1254 4368 biennium
1273 4306 1659 4369 concionibus
1675 4304 1949 4365 omnibus
1968 4300 2161 4380 agita-
2184 4288 2460 4406 {zen-1¹¹

246 4414 400 4478 tam,
429 4402 673 4465 tandem
697 4404 892 4467 victus
914 4424 1200 4467 consensu
1224 4404 1488 4469 civitatis
1513 4402 1700 4465 Marii
1742 4400 1895 4463 livor
1930 4401 2163 4481 impug-
2187 4418 2394 4474 Numici.
