3225 5242
818 475 997 541 4056

822 2317 929 2367 nv.
951 2314 1083 2383 Epit.

854 2596 1019 2649 Front-

820 2662 969 2715 Strat.
993 2680 1078 2714 nr.

826 2732 906 2777 17.

1783 496 1854 545 Τ.
1905 494 2096 545 lell

1144 644 1254 698 aut
1285 634 1508 699 fructus
1538 636 1800 699 futurum
1826 640 2170 721 apparebat.
2255 636 2512 699 Rectius
2537 616 2728 700 visuin
2753 637 3046 713 civitates,

1148 736 1304 797 unde
1328 736 1441 797 orti
1466 736 2106 809 latronesdicerentur,’
2121 733 2284 797 bello
2309 735 2576 815 aggredi.
2657 735 2762 797 Sic
2787 746 2854 797 et
2877 736 3047 797 ultio-

1148 854 1285 894 nem
1308 834 1460 894 sumi
1483 854 1522 893 a
1554 834 1800 905 meritis,
1825 844 1888 895 et
1919 832 2147 916 expleri
2180 834 2428 895 militem
2461 832 2665 917 praeda
2689 854 2900 915 posse:
2953 856 3048 895 ne-

1149 951 1265 1012 que
1292 929 1596 991 defuturos
1621 931 1898 1003 latrones,
1924 932 2066 1013 quin
2087 931 2165 993 ad
2191 930 2499 993 ferendam
2521 950 2644 991 suae
2669 933 2924 1013 quisque
2949 954 3048 1014 pa-

1148 1029 1278 1089 triae
1296 1048 1469 1110 opem
1496 1038 1924 1110 spargerentur.

1230 1132 1291 1191 7.
1334 1124 1437 1187 Sic
1476 1128 1539 1186 in
1586 1128 1861 1207 proxima
1899 1146 2154 1208 quaeque
2196 1126 2532 1189 incendium
2567 1125 2716 1187 belli
2757 1125 3048 1197 inferenti,

1149 1221 1339 1301 primo
1358 1224 1569 1284 acriter
1584 1224 1664 1284 ab
1685 1224 1973 1303 indigenis
1999 1226 2188 1285 resisti
2211 1224 2549 1307 coepitsnon
2567 1225 2706 1286 viris
2725 1224 2931 1295 modo,
2951 1224 3048 1283 oed

1147 1321 1331 1381 etiam
1370 1320 1732 1393 mulieribus,
1779 1322 2025 1405 impigre
2065 1342 2174 1403 pro
2223 1321 2564 1381 defensione
2600 1341 2796 1381 remm
2821 1341 3050 1381 suarum

1148 1437 1315 1478 arma
1336 1419 1728 1499 capientibus.
1812 1418 2086 1487 Quarum
2107 1439 2244 1481 cum
2270 1418 2515 1479 diversis
2547 1416 2695 1479 locis
2727 1416 3049 1479 interfectae

1148 1514 1416 1594 plurimae
1440 1525 1654 1589 essent,
1673 1516 1893 1577 nullius
1917 1524 2022 1577 aut
2047 1517 2342 1599 lacrymas
2361 1510 2473 1576 aut
2488 1517 2670 1577 etiarn
2688 1536 2901 1579 vocem
2927 1514 3048 1575 vul-

1148 1611 1386 1671 neribus
1410 1632 1483 1673 ac
1508 1622 1694 1674 morte
1729 1614 1870 1675 elici
1905 1615 2165 1696 potuisse
2203 1613 2483 1679 traditum
2519 1623 2627 1674 ωε.
2713 1612 2838 1675 Sed
2865 1622 3048 1673 certa-

1147 1708 1307 1768 mine
1345 1706 1563 1770 frustra
1598 1720 1852 1783 tentato,
1879 1731 2016 1771 cum
2053 1711 2214 1773 vinci
2253 1732 2317 1771 se
2357 1710 2734 1771 multitudine
2761 1710 3050 1781 viderent,

1149 1804 1210 1865 in
1252 1816 1481 1867 montes
1518 1828 1658 1869 cum
1689 1809 1864 1869 rebus
1897 1828 2049 1889 quas
2085 1808 2312 1869 auferre
2347 1818 2658 1889 potuerant
2692 1807 3050 1887 refugerunt.

1152 1902 1308 1963 Inde
1354 1914 1423 1965 ut
1459 1905 1894 1967 subversionem
1935 1905 2286 1987 oppidorum
2328 1924 2562 1965 suorum
2597 1914 3050 1976 anteverterent,

1148 2001 1341 2061 missis
1388 2002 1466 2062 ad
1512 2002 1816 2063 consulem
1847 2003 2195 2073 oratoribus,
2227 2002 2465 2063 veniam
2505 2002 2726 2063 delicto
2773 2004 3050 2084 petivere.

1150 2096 1457 2159 concessit
1496 2120 1630 2161 eam
1667 2098 1912 2171 Brutus,
1955 2109 2018 2159 et
2053 2110 2222 2183 parte
2257 2098 2610 2161 facultatum
2641 2100 2964 2163 mulctatos
2992 2102 3046 2160 in

1144 2216 1283 2257 suas
1308 2217 1601 2277 quemque
1625 2196 1792 2257 sedes
1819 2196 2062 2258 dimisit.

1228 2300 1289 2354 8.
1330 2292 1470 2354 Jam
1497 2294 1678 2355 etiarn
1719 2292 1798 2355 ad
1830 2292 2228 2356 Numantiam
2255 2296 2614 2369 certabatur,
2641 2296 2805 2376 quod
2827 2295 3048 2357 bellurn

1134 2388 1245 2457 M.
1272 2386 1576 2472 Popillius
1614 2390 1986 2473 proconsule,
2031 2392 2272 2471 cognita
2309 2402 2550 2453 senatus
2592 2392 2922 2464 voluntate,
2963 2414 3048 2453 re-

1148 2498 1449 2551 sumserat.
1535 2488 1636 2549 Ibi
1669 2508 1804 2552 cum
1832 2487 1911 2550 ad
1943 2488 2228 2570 oppidum
2253 2490 2456 2571 copias
2485 2488 2850 2561 adduxisset,
2881 2490 3048 2549 lentae

1150 2587 1401 2668 primum
1436 2585 1758 2647 obsidionis
1789 2586 2015 2668 species
2039 2585 2190 2647 suit:
2227 2606 2364 2648 cum
2400 2587 2603 2668 procul
2629 2587 2807 2648 solita
2829 2586 3050 2649 ferocia

1150 2682 1509 2743 Numantini
1548 2704 1688 2756 non,
1715 2693 1783 2744 ut
1821 2693 1998 2745 antea
2035 2694 2482 2756 consueverant,
2513 2686 2866 2764 ingredienti
2907 2684 3050 2747 tina

1148 2782 1567 2842 occurrissent:
1610 2778 1686 2841 ne
1720 2803 1826 2864 pro
1851 2782 2033 2843 muris
2063 2782 2302 2861 quidem
2339 2783 2626 2853 exercitu,
2653 2781 2807 2842 adeo
2831 2790 3049 2843 metum

1148 2878 1525 2949 simulabant,
1558 2880 1848 2961 opposito.
1934 2878 2083 2939 Hoc
2123 2880 2210 2939 ita
2247 2888 2582 2941 constanter
2621 2899 2728 2960 per
2757 2879 3046 2960 aliquam-

1148 2975 1366 3036 multos
1404 2975 1531 3037 dies
1554 2976 1802 3049 factum,
1831 2986 1898 3038 ut
1935 2976 2266 3059 proconsuli
2295 2979 2430 3057 jam
2469 2976 2618 3037 fides
2641 2975 2833 3048 fieret,
2859 2975 3046 3037 domi-

1146 3080 1271 3133 tam
1296 3073 1465 3134 malis
1488 3084 1551 3136 et
1573 3075 1980 3155 desperatione
2004 3075 2280 3135 virtutem
2309 3074 2560 3135 hostium
2585 3096 2711 3135 esse
2736 3093 2753 3135 ε
2797 3072 3046 3153 ideoque

1146 3190 1221 3231 eo
1247 3171 1541 3251 profectus
1565 3181 1657 3233 est
1682 3170 1938 3243 fiduciae,
1975 3182 2044 3233 ut
2068 3172 2248 3232 etiam
2281 3172 2474 3233 scalas
2507 3171 2822 3233 admovere
2847 3173 3044 3233 moeni·

1146 3268 1259 3327 bus
1284 3268 1545 3329 auderet.
1630 3269 1854 3351 Neque
1883 3280 2081 3330 tamen
2109 3269 2278 3329 illurn
2305 3270 2498 3330 adhuc
2526 3270 2718 3329 omnis
2739 3270 3044 3350 providen-

1146 3366 1233 3424 tia
1256 3363 1610 3438 deseruerat,
1633 3367 1775 3448 quin
1800 3366 2002 3427 dolum
2022 3366 2206 3427 latere
2225 3368 2640 3449 suspicaretur,
2661 3368 2807 3449 quia
2823 3387 2899 3428 ne
2923 3378 3042 3429 tun

1145 3462 1385 3542 quidem
1422 3464 1500 3524 ad
1540 3465 1764 3525 tuenda
1801 3467 2015 3526 moenia
2055 3465 2303 3526 excitari
2342 3464 2742 3525 Numantinos
2781 3466 3042 3525 animad-

1144 3560 1433 3624 vertebat.
1519 3559 1767 3642 Signum
1796 3563 1999 3643 itaque
2023 3564 2287 3644 receptui
2312 3563 2440 3623 dari
2455 3563 2676 3642 jussitz
2717 3565 2816 3623 cui
2842 3563 2986 3626 dum
3006 3586 3044 3624 a

1142 3676 1249 3737 spe
1288 3658 1653 3739 occupandae
1680 3660 1842 3720 urbis
1873 3662 2124 3739 segniter
2151 3661 2367 3721 milites
2389 3669 2621 3742 parent,
2647 3680 2842 3741 neque
2867 3663 3040 3723 etiam

1142 3756 1389 3815 servatis
1426 3756 1732 3819 ordinibus
1767 3756 2038 3818 recedere
2069 3768 2194 3819 tam
2223 3758 2571 3840 expeditum
2595 3768 2706 3828 est,
2732 3769 3045 3841 erumpunt

818 3866 930 3920 Liv.
946 3864 1080 3935 Epir.
1144 3850 1207 3911 in
1233 3871 1467 3913 aversos
1490 3864 1553 3915 et
1578 3875 1616 3916 a
1639 3856 1819 3917 scalis
1851 3855 2271 3917 descendentes
2306 3856 2688 3927 Numantini,
2715 3876 3042 3939 magnaque

1143 3957 1337 4030 strage
1356 3952 1523 4013 edita
1544 3960 1732 4013 totum
1759 3955 2084 4015 exercitum
2103 3953 2356 4016 fundunt
2379 3953 2728 4036 fugantque.

1111 4068 1115 4073 ·
1226 4054 1285 4108 9.
1330 4048 1542 4129 Hujus
1580 4050 1772 4111 cladis
1795 4050 1958 4112 sama
1997 4052 2331 4133 nuntiisque
2371 4054 2702 4133 perculsam
2739 4054 3040 4116 civitatem

820 4155 964 4207 oros.
987 4170 1041 4207 v.
1069 4160 1121 4207 4.
1144 4153 1473 4207 terruerunt
1496 4155 1558 4208 et
1580 4148 1982 4230 prodigiorum
2001 4150 2195 4224 minae,
2213 4150 2320 4211 vix
2345 4148 2469 4211 ullo
2485 4170 2642 4211 anno
2658 4152 3038 4222 crebrior-um,

1144 4264 1323 4324 quarn
1350 4245 1453 4324 qui
1484 4244 1576 4306 M.
1614 4246 1924 4308 AEmilium
1969 4246 2282 4329 Lepidum,
2319 4246 2398 4309 C.
2425 4247 2760 4309 Hostilium
2805 4248 3039 4309 Manci-

815 4336 919 4389 sul.
944 4335 1063 4389 0¹³⁸·
1144 4362 1283 4403 num
1306 4343 1577 4405 consules
1595 4344 1860 4407 habuit?
1921 4344 2092 4456 Nam
2113 4354 2176 4407 et
2201 4344 2473 4419 Lanuvii,
2499 4366 2636 4407 cum
2665 4347 2750 4407 ibi
2776 4344 3038 4408 consules
