3225 5242
764 555 972 606 unm
1024 556 1144 605 nv.
1190 555 1279 607 su
1292 547 1840 639 ernanus-run.
2229 538 2408 605 4⁰65

178 696 453 763 dubitare
472 702 491 731 ’
528 698 857 781 respondit,
898 706 925 737 θ
950 700 1099 781 quin
1130 698 1378 761 consilia
1400 718 1510 761 sua
1532 698 1836 780 probaturi
1861 696 2084 759 Patres

178 798 397 871 sorent,
422 798 857 880 quamprimum
880 806 1135 879 coeptum
1151 798 1285 877 jam
1311 817 1348 858 a
1372 796 1607 857 duobus
1631 796 2082 877 imperatoribus

178 896 429 967 bellum,
456 894 823 975 militemque
846 902 909 955 et
930 894 1285 955 frumentum
1310 903 1373 955 et
1400 892 1714 975 pecuniam
1739 914 1778 954 a
1803 892 2084 953 Vaccaeis

181 993 571 1055 Numantiam
595 994 775 1053 missa
810 992 1208 1073 accepissentz
1252 992 1577 1073 prasertim
1616 992 1760 1071 quia
1793 992 2086 1051 revocatis

178 1088 563 1164 exercitibus,
592 1090 877 1151 universae
902 1088 1244 1171 Hispaniae,
1268 1097 1557 1169 tanquam
1580 1088 1641 1148 in
1660 1086 1928 1149 confesso
1947 1087 2080 1148 Ro-

180 1208 489 1249 manorum
527 1196 713 1260 metu,
752 1187 1129 1249 rebellatum
1174 1182 1551 1249 viderentur!
1632 1185 1793 1246 Cum
1835 1186 1951 1245 hoc
1989 1204 2081 1244 re-

182 1304 397 1366 sponso
437 1285 633 1346 irritos
674 1294 915 1347 senatus
940 1285 1167 1365 legatos
1190 1284 1433 1355 remisit,
1460 1282 1615 1345 datis
1639 1283 1843 1355 literis,
1870 1282 2086 1364 quibus

182 1382 393 1443 eadem
414 1381 525 1444 illa
546 1383 1071 1464 perscribebanmr.
1154 1380 1415 1444 Gravius
1450 1382 1582 1443 haec
1619 1381 1698 1442 ab
1729 1390 1941 1441 senatu
1981 1400 2083 1441 ac-

182 1492 381 1563 cepta,
407 1480 571 1561 quod
596 1478 751 1543 inter
772 1480 923 1541 alias
954 1478 1331 1541 difficultates
1365 1477 1658 1561 publicas,
1693 1479 1873 1539 etiam
1908 1478 1969 1537 in
1992 1478 2084 1537 vi·
2207 1522 2214 1529 .

182 1577 319 1639 cina
362 1576 576 1639 Sicilia
614 1578 827 1639 servile
871 1577 1097 1638 bellum
1139 1598 1205 1638 se
1246 1584 1648 1640 commoverat
1680 1595 1698 1637 z
1755 1584 2086 1657 praetorque

185 1672 479 1735 Manilius
518 1677 709 1738 victus
747 1696 787 1737 a
822 1673 1103 1755 fugitivis,
1142 1676 1467 1755 castrisque
1500 1682 1738 1747 exutum,
1765 1693 1881 1735 non
1909 1672 2088 1735 modo
2108 1686 2414 1739 normalo-

184 1770 537 1833 detrimento
560 1772 1009 1856 rempublicam,
1034 1772 1141 1834 sed
1164 1772 1353 1855 mag-is
1368 1772 1552 1834 etiam
1576 1770 1802 1853 pudore
1821 1770 2086 1833 affecisse

184 1869 517 1932 videbatur.

261 1975 365 2029 29.
410 1968 589 2029 Unus
629 1966 715 2029 D.
744 1966 969 2029 Brutus
990 1988 1183 2031 rerum
1202 1948 1527 2030 clarissime
1550 1958 1844 2049 gestarum
1871 1964 2091 2026 nuntiis
2113 1985 2245 2039 νώ,
2263 2002 2326 2037 η,
2348 1989 2401 2037 5,

186 2084 317 2145 spes
359 2066 703 2146 animosque
742 2067 1005 2128 civitatis
1046 2066 1385 2128 recreabat:
1475 2065 1721 2148 Quippe
1763 2063 2087 2124 maximam

190 2160 617 2243 Hispaniarum
642 2172 871 2247 partem
904 2172 1283 2246 pervagatus,
1316 2164 1561 2225 urbibus
1574 2162 1842 2261 §triginta
1877 2160 1940 2220 in
1980 2180 2086 2242 po-
2110 2153 2224 2269 {⁶2¹3
2237 2148 2372 2266 1¹²5}
2357 2218 2390 2267 τ

186 2268 458 2322 testatem
498 2262 773 2335 redactis,
815 2260 1083 2323 Celticos
1122 2261 1554 2341 Lusitanosque
1580 2258 1662 2321 ad
1696 2276 1988 2320 oceanum
2026 2265 2091 2318 et
2113 2250 2379 2347 labefit.
2395 2248 2412 2265 ⁹

188 2379 465 2421 occasum
500 2381 684 2441 usque
725 2360 1159 2443 perdomuerat.
1244 2360 1519 2421 Maxime
1545 2359 1770 2439 insigne
1794 2358 2087 2431 habitum,

188 2456 346 2539 quod
389 2458 731 2520 oblivionis
767 2456 1009 2530 flumen,
1038 2458 1152 2519 ‘vix
1188 2456 1457 2519 auditum
1482 2466 1682 2530 antea,
1706 2456 1932 2539 primus
1955 2452 2087 2515 Ro-
2111 2492 2124 2504 -

189 2572 492 2615 manorum
516 2574 653 2616 cum
676 2558 939 2617 exercitu
962 2556 1214 2617 transfit.
1285 2536 1936 2626 Formidabilem⁸illum
1962 2572 2087 2614 am·
2113 2566 2158 2616 Α
2230 2563 2327 2617 im.

190 2672 321 2715 nem
345 2654 637 2715 militibus
657 2654 1011 2736 superstitio,
1038 2652 1197 2734 quod
1224 2652 1434 2713 inferni
1458 2651 1630 2714 fluvii
1657 2670 1869 2712 nomen
1908 2649 2089 2731 refer·
2115 2580 2303 2755 ρξὲξὶ

190 2758 297 2821 ret,
347 2749 577 2813 fecerat
600 2772 619 2821 ς
679 2750 1124 2832 transgredique
1174 2770 1291 2812 non
1340 2770 1511 2812 secus
1560 2757 1742 2832 atque
1789 2746 2092 2811 certissimi
2115 2760 2258 2811 Rom.
2271 2774 2317 2811 ο.
2333 2760 2418 2809 u.

192 2849 355 2909 exitii
380 2848 561 2910 limen
584 2850 977 2913 verebantur:
1018 2871 1157 2911 cum
1184 2826 1429 2923 Brutus,
1457 2850 1628 2929 signo
1651 2870 1688 2911 e
1711 2868 1888 2908 manu
1914 2846 2092 2927 signi-
2117 2824 2380 2953 {lelhpit

190 2945 295 3005 feri
320 2956 517 3029 rapto,
544 2954 565 2983 ‘
584 2946 767 3020 Jam,'
796 2948 1010 3028 inquit,
1035 2955 1054 2984 ⁶
1078 2948 1194 3009 hoc
1220 2948 1449 3027 signum
1472 2952 1539 3006 et
1561 2954 1755 3006 vester
1779 2944 2096 3025 imperator

194 3052 349 3105 trans
390 3044 611 3106 flumen
654 3053 845 3107 erunt.
944 3040 1100 3118 Vos,
1144 3043 1293 3126 quid
1336 3043 1551 3105 facturi
1598 3043 1750 3114 sitis,
1793 3040 2096 3103 videritis?

194 3140 400 3223 Atque
426 3163 562 3204 cum
586 3140 751 3203 dicto
776 3142 1086 3215 transiens,
1122 3162 1238 3203 non
1270 3141 1431 3203 ultra
1454 3158 1723 3203 recusare
1747 3140 2096 3221 obsequium

194 3242 413 3301 sinente
433 3240 679 3324 pudore,
706 3241 1009 3303 universos
1032 3238 1387 3301 transduxit.

270 3344 371 3399 ³⁰.
416 3336 640 3418 Neque
683 3345 1064 3419 praetereatur
1105 3335 1269 3399 utilis
1311 3335 1454 3398 vitae
1500 3332 1862 3395 admonitio:
1917 3347 2102 3412 quam

195 3434 369 3494 etiam
388 3432 469 3495 ad
494 3454 587 3494 res
610 3432 900 3514 gerendas
930 3442 1324 3517 opportunum
1357 3433 1437 3493 sit
1474 3437 1729 3493 mentem
1761 3428 1932 3489 bonis
1958 3426 2102 3488 arti·-

195 3529 301 3589 bus
322 3530 675 3592 excoluisse.
757 3531 917 3599 Quae
942 3529 1257 3613 disciplina
1280 3537 1504 3611 quanto
1530 3528 1590 3587 in
1614 3543 1970 3607 unaquaque
1995 3542 2102 3585 na-

198 3626 351 3687 tione
378 3626 557 3687 latius
579 3626 833 3689 diffundi
858 3636 1073 3710 potest,
1118 3628 1320 3710 inepta
1357 3624 1714 3709 superstitio,
1755 3629 1818 3683 et
1860 3641 1965 3704 per
1995 3640 2104 3682 va·

196 3742 327 3783 nam
362 3722 777 3787 credulitatem
816 3725 1058 3805 objecta
1100 3723 1351 3804 negotiis
1370 3710 1805 3804 'impedimenta
1830 3718 2102 3779 minuun-

196 3828 303 3879 tur.
387 3820 545 3888 Quis
568 3820 725 3882 enim
754 3820 929 3882 hodie
960 3840 1077 3881 non
1106 3819 1300 3881 rideat
1322 3820 1557 3880 inanem
1580 3824 1675 3878 tot
1699 3812 1950 3876 millium
1975 3832 2102 3874 me·-

198 3924 340 3989 tum,
382 3914 763 3977 fortissimum
807 3916 1133 3978 exercitum
1186 3914 1793 3994 ferocissimarumque
1838 3910 2102 3991 gentium

198 4002 565 4086 domitorem,
600 4014 775 4075 unius
810 4033 929 4074 non
969 4012 1217 4074 maximi
1256 4010 1449 4093 amnis
1488 4031 1563 4073 ne
1605 4007 1818 4070 fluctus
1863 4004 2105 4087 quidem

200 4119 298 4171 aut
334 4111 613 4182 vortices,
647 4108 754 4170 sed
794 4108 985 4171 solum
1026 4128 1240 4171 nomen
1282 4117 1461 4189 atque
1502 4106 1723 4167 nudam
1755 4101 2107 4187 appellatio-

198 4226 325 4267 nem
362 4207 697 4268 borruisse'?
756 4206 1007 4269 Scilicet
1041 4208 1240 4268 evenit
1272 4204 1517 4266 rudibus
1538 4204 1842 4264 hominum
1871 4199 2106 4270 animis,

198 4302 349 4383 quod
370 4305 433 4365 in
460 4302 794 4365 belluarum
816 4302 1183 4384 quarundam
1207 4284 1760 4369 natura'miramun
1805 4316 1943 4380 quae
1969 4314 2107 4357 cum

200 4400 431 4464 immani
454 4401 663 4465 robore
688 4400 978 4485 polleant,
1014 4400 1297 4484 nullaqune
1320 4399 1385 4463 vi
1408 4400 1529 4461 sint
1550 4394 1934 4479 superabiles,
1959 4412 2102 4455 con-
