3225 5242
771 514 982 565 msni
1033 512 1200 564 mx.
1245 509 1900 567 surrentin-rou.
2270 494 2443 568 4151

201 658 402 731 cultis,
439 666 506 719 et
535 677 644 739 pro
667 655 984 721 fructuosis
1019 655 1274 737 uligines
1307 665 1416 717 aut
1451 657 1683 719 arentia
1706 654 2115 719 redderentur.

203 755 475 836 Eratque
509 754 860 835 plerumque
883 773 1052 817 caeca
1082 756 1144 815 in
1169 752 1604 833 distinguendis
1636 752 1893 835 publicis
1918 754 2117 835 priva·

197 853 394 931 tisque
419 852 582 930 agris
605 850 952 913 aestimatio:
993 872 1132 913 cum
1159 851 1342 911 etiam
1369 850 1631 931 antiquis
1652 850 1815 912 haud
1836 860 2119 913 accurata

198 957 510 1029 captorum
545 948 625 1009 ab
661 948 934 1011 hostibus
967 947 1134 1011 facta
1167 947 1508 1009 distributio
1537 956 1714 1019 esset,
1744 948 2113 1028 permissum-

199 1064 316 1125 que
331 1092 338 1100 .
351 1044 566 1107 suimet
603 1044 860 1107 indivisa
897 1044 1150 1107 cuilibet
1193 1044 1420 1107 volenti
1460 1045 1574 1106 sub
1622 1052 1789 1107 certo
1834 1044 2115 1125 vectigali

195 1141 416 1203 colere.
501 1142 606 1205 Sic
643 1142 806 1205 enim
831 1142 1092 1205 vicinam
1129 1142 1256 1202 suis
1299 1140 1544 1223 praediis
1587 1150 1819 1223 partem
1858 1150 2115 1215 arantes,

195 1258 372 1299 omne
423 1238 738 1301 discrimen
783 1237 1198 1303 confuderant.
1301 1238 1388 1301 Et
1431 1238 1566 1301 haec
1619 1239 1800 1318 longo
1850 1247 2115 1321 tempore

193 1334 504 1409 factitata,
529 1335 894 1419 locupletum
920 1336 1225 1415 injuriam,
1252 1336 1397 1399 licet
1421 1356 1701 1417 magnum
1728 1356 1853 1399 ene
1878 1347 2113 1399 consta-

193 1442 308 1506 ret,
336 1434 652 1496 obscuram
691 1443 889 1495 tamen
926 1432 1286 1507 efficiebant,
1313 1434 1721 1515 tegebantque
1754 1434 2029 1497 intricate
2050 1444 2115 1499 et

197 1530 274 1591 ad
297 1530 670 1611 arguendum
693 1531 858 1591 haud
878 1530 1045 1593 facili
1069 1551 1288 1593 errore.

276 1634 384 1692 74.
425 1626 684 1709 Jamque
711 1626 861 1689 nihil
887 1628 1314 1710 propemodum
1339 1636 1470 1691 tota
1505 1628 1696 1691 Italia
1718 1630 1863 1691 satis
1882 1592 2111 1691 certum

191 1733 466 1787 tutumve
489 1726 766 1806 cuiquam
788 1725 1158 1787 habebatur.
1199 1745 1336 1787 cum
1361 1725 1508 1787 socii
1533 1734 1889 1808 praesentem
1912 1746 2111 1787 rerum

190 1832 420 1884 statum
463 1822 712 1885 moleste
747 1822 1004 1885 serentes
1039 1821 1121 1883 ad
1149 1820 1492 1904 Scipionem
1515 1822 1874 1884 Africanum
1900 1822 2109 1885 confu-

192 1928 430 1999 gerunt,
463 1918 746 1981 adversus
783 1920 990 2001 iniqua
1029 1920 1473 1981 triumvirorum
1497 1920 1739 1999 judicia
1770 1920 1953 1981 fidem
1978 1922 2111 2000 ejus

193 2018 560 2079 invocantes.
643 2014 766 2077 Ille
807 2036 946 2078 cum
987 2016 1270 2099 equitate
1299 2036 1520 2089 cause,
1549 2025 1679 2077 tum
1716 2018 1912 2097 gratia
1934 2038 2108 2079 oran-

189 2116 344 2173 tium
369 2122 692 2195 permotus,
721 2122 892 2175 erant
923 2114 1080 2175 enim
1105 2132 1334 2193 magnae
1359 2114 1731 2175 auctoritatis
1754 2114 2107 2195 virtutisque

189 2209 484 2283 homines,
509 2218 926 2291 strenuumque
954 2212 1012 2271 ei
1035 2210 1434 2292 superioribus
1457 2208 1637 2271 bellis
1660 2230 1899 2292 operam
1924 2232 2105 2273 nava·
2128 2222 2237 2275 Liv.
2264 2226 2359 2290 Epi
2360 2236 2398 2278 t.

187 2318 428 2379 verant,
463 2306 864 2371 defensionem
901 2328 1106 2369 eorum
1145 2326 1262 2369 non
1301 2308 1636 2369 recusavit:
1700 2306 2003 2387 multaque
2044 2309 2105 2369 in
2130 2260 2345 2354 ‘'Pl-³³⁸³·

185 2414 427 2478 senatu,
447 2424 564 2466 non
589 2414 800 2467 contra
819 2404 1014 2485 legem
1035 2402 1479 2475 Gracchanum,
1499 2422 1574 2463 ne
1599 2404 1889 2485 populum
1910 2405 2105 2466 irrita-

188 2511 302 2575 ret,
323 2500 434 2563 sed
460 2500 538 2562 de
563 2500 952 2563 incommodis
967 2500 1320 2563 exercendae
1345 2500 1602 2572 locum,
1626 2498 1864 2581 impulit
1889 2501 2109 2565 Patres

191 2598 602 2681 conscriptos,
629 2586 702 2659 ut
721 2618 964 2677 causam
989 2616 1262 2677 agrorum
1277 2595 1674 2676 judicandam
1700 2617 1739 2658 a
1764 2598 2105 2674 triumviris,

188 2716 342 2776 quoe
382 2705 453 2756 ut
486 2704 790 2777 suspectos
821 2694 1090 2778 plerique
1129 2703 1538 2774 gravarentur,
1579 2694 1661 2757 ad
1704 2714 2107 2778 quoscumque

188 2793 514 2865 videretur,
537 2794 938 2855 transferrent.

267 2896 374 2955 75.
418 2888 488 2952 N
491 2912 560 2953 ec
585 2891 793 2973 iniqua
818 2890 1136 2961 Patribus,
1163 2910 1358 2970 neque
1383 2892 1637 2972 tempori
1662 2910 1869 2973 parum
1888 2908 2103 2951 conve-

187 2988 358 3049 niens
379 2990 576 3050 oratio
608 2988 776 3060 visa3
835 2988 1160 3069 consulque
1207 2987 1286 3059 C.
1325 2986 1709 3069 Sempronius
1750 3006 2105 3066 cognoscere

187 3104 404 3147 causas
421 3104 816 3165 possesmrum
831 3087 1036 3165 jussus
1057 3093 1166 3145 est.
1235 3083 1359 3145 Sed
1381 3082 1749 3145 imbecillum
1774 3082 1888 3143 hoc
1914 3104 2100 3145 reme-

186 3182 378 3255 dium,
409 3190 486 3243 ‘et
505 3184 746 3243 minime
770 3181 986 3243 diutini
1013 3200 1171 3254 ustis,
1207 3181 1612 3260 tergiversatio
1636 3178 1893 3241 consulis
1914 3179 2097 3242 fecit:

187 3282 294 3361 qui
323 3280 528 3363 primis
556 3281 758 3341 statim
797 3278 1220 3361 experimentis
1249 3276 1556 3339 intellecta
1593 3274 1945 3338 difficultate
1986 3279 2099 3351 rei,

189 3385 488 3457 pretextu
517 3374 755 3459 lllyrici
780 3376 948 3449 belli,
969 3375 1134 3456 quod
1157 3374 1275 3435 sibi
1293 3373 1596 3435 decretum
1628 3374 1708 3434 ab
1733 3382 1943 3435 senatu
1970 3372 2097 3435 fue·

189 3482 305 3544 rat,
333 3472 656 3555 paludatus
677 3476 758 3535 ab
777 3474 924 3536 urbe
948 3472 1248 3555 profectus
1273 3479 1383 3531 est.

267 3575 372 3634 76.
416 3569 576 3631 Cum
600 3568 688 3631 ita
711 3578 842 3633 tota
865 3590 956 3631 res
989 3569 1222 3649 agraria
1251 3566 1546 3629 refrixisse
1581 3566 1903 3641 videretur,
1952 3570 2099 3649 quia
2151 3581 2245 3631 ΡΙιι
2246 3589 2281 3631 ι.
2306 3580 2368 3631 C.

187 3667 480 3729 triumviri
519 3668 650 3729 foro
687 3688 754 3729 se
795 3667 1195 3738 abstinebant,
1235 3665 1470 3735 consul,
1503 3665 1678 3742 cujus
1716 3684 1794 3725 ea
1830 3667 2096 3745 cognitio
2120 3645 2335 3776 {1133ss-

189 3783 312 3824 esse
335 3763 619 3837 debebat,
652 3766 893 3835 aberat3
937 3784 1300 3826 murmurare
1325 3772 1534 3823 contra
1560 3760 1901 3843 Scipionem
1928 3763 2099 3844 plebs

189 3862 394 3943 coepit,
419 3862 584 3943 quod
609 3882 648 3923 a
663 3883 728 3925 se
753 3870 998 3923 ornatus
1010 3863 1108 3922 bis
1117 3860 1328 3923 oblato
1347 3868 1556 3921 contra
1576 3857 1740 3937 leges
1758 3860 2093 3935 consulatu,

188 3959 380 4039 magis
423 3968 621 4023 tamen
665 3961 962 4022 sociorum
1007 3979 1190 4041 quam
1233 3958 1458 4019 civium
1507 3952 1761 4015 utilitati
1810 3954 2093 4018 studeret.

189 4052 340 4117 Non
375 4058 700 4119 omiserunt
731 4076 864 4121 eam
884 4055 1164 4118 turbandi
1185 4054 1560 4116 occasionem
1599 4052 1916 4123 triumviri,
1950 4054 2094 4133 quin

187 4170 344 4215 nunc
383 4155 732 4235 spargendis
761 4156 824 4215 in
857 4150 1102 4232 vulg-um
1139 4152 1494 4223 rumoribus,
1535 4150 1651 4211 hoc
1687 4150 1785 4229 agi
1812 4156 1881 4208 ut
1919 4150 2095 4209 armis

188 4260 368 4331 atque
395 4254 458 4312 vi
483 4250 584 4313 lex
605 4254 922 4335 abrogetur
943 4272 960 4321 ς
1006 4269 1164 4311 nnnc
1189 4248 1667 4313 contentionibus
1686 4247 1746 4307 in
1774 4254 2003 4317 senatu,
2030 4246 2091 4305 in

186 4347 336 4421 foro,
367 4348 636 4432 Scipioni
673 4358 958 4432 quantam
1001 4356 1238 4431 possent
1273 4346 1562 4409 invidiam
1593 4344 1913 4424 odiumque
1950 4362 2091 4405 con-
