3225 5242
719 574 894 644 4396
1678 592 1749 641 ·r.
1799 593 1995 641 mvn

1043 732 1236 795 batur.
1321 733 1446 794 Sed
1491 732 1594 794 ille
1645 736 1837 795 abstin
1845 735 1953 806 uit,
1998 734 2251 794 offensas
2284 733 2613 804 declinans,
2651 753 2789 813 qum
2824 742 2953 793 tam

1043 839 1320 914 corrupta
1357 834 1600 894 civitate
1645 832 1803 892 bono
1846 833 2075 893 censori
2112 841 2291 891 certae
2328 851 2653 912 gravesque
2681 831 2951 890 immine-

1043 929 1210 990 bant.
1293 928 1397 990 Sic
1439 931 1564 1010 ipse
1603 929 1865 1011 praetulit
1907 930 2139 990 verbis:
2192 928 2298 989 sed
2342 929 2445 990 alii
2490 937 2650 989 metu
2696 927 2951 1007 repulsae

1041 1026 1306 1086 territam
1331 1027 1582 1088 hominis
1607 1027 1989 1088 ambitionem
2014 1028 2329 1108 putabant,
2354 1026 2517 1107 quod
2542 1045 2621 1086 ex
2647 1023 2952 1106 Apuleia-

1045 1145 1125 1187 na
1149 1125 1436 1186 seditione
1463 1145 1680 1205 magna
1702 1145 1765 1185 se
1791 1125 1953 1208 apud
1994 1135 2261 1184 senatum
2298 1126 2519 1204 pariter
2544 1123 2949 1204 populumque

715 1223 1024 1301 Μαρία.
1045 1223 1270 1286 invidia
1295 1223 1565 1284 laborare
1593 1225 1853 1285 sentiret.
1938 1223 2009 1282 L.
2037 1221 2321 1281 Valerius
2346 1221 2415 1280 L.
2446 1221 2619 1281 F.·L.
2650 1219 2741 1280 N.
2772 1219 2951 1280 Flac-

715 1332 820 1384 Jul.
839 1335 1022 1398 Obseq.
1045 1341 1172 1392 cus,
1203 1321 1296 1382 M.
1325 1320 1629 1386 Antonius
1652 1319 1729 1381 C.
1758 1319 1833 1380 F.
1861 1319 1955 1379 Μ.
1980 1318 2069 1378 N.
2095 1319 2300 1380 creati.
2380 1317 2455 1380 Τ.
2486 1318 2709 1378 Didius
2742 1319 2951 1378 consul

1046 1419 1108 1478 in
1137 1415 1445 1498 Hispania
1475 1418 1747 1477 citeriore
1770 1425 1984 1477 contra
2010 1415 2263 1476 rebelles
2284 1416 2471 1494 signis
2494 1413 2733 1474 collatis
2754 1413 2947 1475 felici·-

1043 1525 1135 1576 ter
1170 1513 1512 1577 dimicavit:
1556 1514 1867 1594 eidemque
1905 1521 2224 1594 prorogata
2252 1514 2313 1571 in
2350 1532 2567 1572 annum
2602 1521 2947 1592 sequentem

1043 1612 1348 1691 provincia
1391 1620 1500 1681 est,
1546 1631 1668 1690 quo
1712 1610 1830 1670 Cn.
1865 1609 2179 1670 Cornelius
2208 1608 2520 1679 Lentulus,
2560 1607 2645 1667 P.
2688 1608 2953 1668 Licinius

716 1713 847 1765 Plin.
864 1719 985 1765 x.2.
1045 1705 1294 1766 Crassus
1332 1707 1602 1767 consules
1642 1706 1931 1766 fuerunt!
2016 1704 2142 1764 His
2184 1704 2529 1764 consulibus
2568 1705 2710 1764 anni
2749 1705 2950 1782 magni

1043 1805 1482 1865 conversionem
1527 1824 1663 1864 cum
1708 1805 1989 1885 phoenicis
2030 1803 2159 1864 avis
2200 1805 2327 1862 vita
2368 1803 2482 1880 (sic
2528 1803 2689 1862 enim
2728 1801 2947 1878 solere)

1047 1899 1334 1960 Manilius
1373 1910 1614 1960 senator
1658 1900 1880 1959 factam
1924 1899 2205 1980 prodidit,
2252 1900 2414 1959 circa
2456 1899 2784 1968 meridiem,
2828 1918 2951 1977 quo

748 2019 1022 2068 Pliu.xxx.
1045 1995 1142 2056 die
1185 1997 1412 2075 signum
1461 1998 1658 2056 arietis
1710 1996 1813 2057 Sol
1859 1997 2184 2057 intraverit.
2290 1993 2437 2056 Hoc
2487 1994 2727 2055 demum
2789 2015 2951 2056 anno

715 2089 800 2207 ¹Q⁶u
825 2085 984 2200 Pffin
1045 2095 1612 2154 senatusconsultum
1640 2094 1863 2154 factum
1887 2104 1996 2164 est,
2030 2103 2048 2130 ‘
2073 2114 2146 2152 ne
2170 2093 2349 2153 homo
2374 2094 2776 2152 immolaretur
2798 2093 2846 2151 τ’
2888 2102 2985 2178 et-

716 2183 860 2264 αεὶ,
985 2183 1000 2198 ’
1045 2211 1124 2250 ex
1151 2211 1224 2250 eo
1249 2191 1422 2250 sociis
1446 2192 1650 2261 etiam,
1682 2193 1783 2270 qui
1822 2199 1943 2250 tam
1980 2189 2317 2270 prodigiosa
2352 2209 2523 2250 sacra
2560 2189 2949 2269 usurpabant,

716 2278 820 2328 J‘ss·
842 2279 962 2328 0¹²³·
1043 2287 1118 2346 iis
1149 2286 1544 2346 interdictum.

1126 2388 1224 2442 16.
1267 2381 1344 2442 In
1372 2382 1518 2443 urbe
1543 2380 1945 2463 supplicatum
1980 2389 2092 2448 est,
2128 2380 2288 2460 quod
2326 2380 2705 2460 androgynus
2744 2383 2950 2442 inven-

1044 2489 1138 2540 tus
1162 2491 1324 2540 erat:
1367 2481 1544 2539 homo
1572 2480 1633 2538 in
1660 2499 1819 2538 mare
1846 2477 2191 2557 deportatus
2226 2487 2334 2536 est.
2418 2478 2665 2538 Pisauri
2690 2499 2769 2538 ex
2796 2488 2953 2540 terra

1043 2577 1310 2638 fremitus
1361 2576 1620 2637 auditus.
1705 2576 1870 2635 Muri
1926 2575 2121 2654 pinnae
2158 2576 2284 2634 sine
2326 2585 2495 2635 terrae
2528 2585 2693 2636 motu
2738 2577 2954 2656 passim

1041 2674 1317 2752 dejectae,
1344 2672 1551 2734 civiles
1573 2670 1907 2752 significare
1933 2671 2258 2732 discordias
2276 2675 2437 2732 visae.
2508 2671 2577 2732 N
2580 2675 2749 2733 ursiae
2774 2675 2953 2735 simu-

1043 2770 1270 2831 lacrum
1296 2769 1466 2831 Jovis
1493 2770 1550 2829 in
1587 2779 1817 2851 partem
1840 2769 2132 2829 sinistram
2157 2791 2530 2852 conversum.
2620 2770 2959 2852 cupressea

1040 2867 1358 2928 simulacra
1379 2867 1420 2927 J
1423 2868 1635 2928 unonis
1660 2866 1920 2948 Reginae
1948 2867 2141 2948 posita
2158 2877 2297 2928 sunt
2320 2888 2427 2950 per
2448 2869 2707 2947 virgines
2730 2879 2821 2930 ter
2846 2891 2953 2930 no-

1038 2985 1244 3037 venas,
1273 2985 1408 3045 quae
1435 2967 1641 3026 urbem
1674 2966 2089 3025 lustraverant.
2174 2965 2501 3025 Conditum
2538 2985 2577 3025 a
2616 2967 2957 3028 censoribus

1043 3063 1288 3124 lustrum
1317 3073 1407 3124 est
1437 3066 1709 3145 quintum
1756 3074 1935 3143 atque
1978 3064 2432 3142 sexagesimum.
2518 3063 2669 3136 Alia
2692 3085 2955 3127 censurae

718 3151 864 3266 05³³}
877 3151 968 3267 ‘³27
1045 3171 1181 3221 acta
1200 3163 1410 3233 latent,
1440 3163 1548 3220 nisi
1574 3160 1734 3241 quod
1763 3163 2035 3242 princeps
2053 3171 2293 3222 senatus
2316 3161 2503 3222 lectus
2525 3172 2618 3222 est
2644 3165 2732 3224 M.
2762 3163 2955 3224 AEmi·

789 3250 804 3265 ’
872 3248 885 3264 ’
973 3249 988 3265 “
1045 3257 1160 3318 lius
1188 3257 1471 3330 Scaurus,
1497 3279 1675 3339 quem
1699 3268 1762 3318 et
1792 3259 2119 3339 superiores
2153 3279 2425 3319 censores
2455 3261 2611 3320 binis
2647 3258 2841 3320 lustris
2866 3261 2953 3322 le-

869 3377 955 3411 m.
973 3364 1021 3411 8.
1049 3366 1296 3432 gerant:
1339 3377 1450 3417 nec
1485 3359 1643 3417 enim
1670 3366 1885 3416 ornata
1909 3357 1987 3417 ab
2014 3356 2286 3417 Antonio
2310 3358 2606 3418 manubiis
2634 3359 2969 3439 imperato-·

1047 3453 1149 3512 riis
1175 3453 1402 3515 Rostra
1426 3475 1781 3535 magnopere
1810 3453 1888 3514 ad
1914 3475 2037 3514 rem
2065 3456 2376 3536 pertinent.
2466 3455 2611 3516 Una
2636 3465 2835 3516 tamen
2862 3477 2957 3516 res

751 3557 866 3608 Val-
889 3557 1022 3605 Mu.
1047 3551 1206 3612 haud
1228 3551 1470 3629 indigna
1491 3561 1842 3623 memoratu,
1871 3563 2064 3612 motus
2088 3562 2294 3613 senatu
2326 3551 2418 3612 M.
2444 3549 2749 3613 Duronius
2766 3554 2951 3613 tradi-

715 3637 776 3672 ¹¹‘
798 3627 849 3729 ,θ’
1046 3659 1161 3720 tur,
1190 3649 1349 3729 quod
1373 3649 1563 3727 legem
1588 3648 1664 3709 de
1684 3650 2025 3710 coercendis
2039 3651 2440 3710 conviviorum
2462 3651 2747 3710 sumtibus
2768 3651 2953 3712 latam

719 3716 996 3835 Οῗωυᾶῧὸ
1043 3746 1312 3806 tribunus
1345 3747 1536 3827 plebis
1579 3748 1913 3824 abrogarat.
1998 3745 2178 3826 Isque
2219 3746 2311 3806 M.
2341 3746 2677 3806 Antonium
2718 3747 2796 3806 ab
2837 3748 2953 3808 hae

1042 3844 1130 3902 ira
1155 3844 1481 3924 postulavit
1500 3845 1778 3913 ambitus,
1806 3843 2003 3904 faceto
2024 3845 2102 3903 ad
2120 3863 2421 3905 censorem
2444 3843 2662 3905 Helvii
2684 3842 2949 3906 Manciae

1043 3940 1228 4012 dicto,
1253 3951 1269 3976 ‘
1291 3941 1616 4022 aliquando
1644 3943 1754 4022 ipsi
1770 3961 1936 4000 suum
1964 3942 2262 4020 negotium
2288 3961 2461 4020 agere
2490 3941 2707 4002 licere!

712 4048 816 4100 Jnl.
835 4049 956 4100 Oba.
1127 4044 1228 4102 17.
1273 4039 1504 4098 Eodem
1551 4058 1706 4117 anno
1748 4046 1957 4100 contra
1992 4035 2250 4098 Moesos‘
2286 4036 2743 4118 Dardanosque,
2782 4039 2951 4099 item-

975 4219 1022 4254 'f
1112 4253 1142 4282 ⁶
1177 4253 1244 4303 A.
1268 4253 1336 4304 U.
1355 4255 1415 4304 C.
1439 4259 1553 4304 655.
1622 4254 1689 4304 A.
1714 4255 1774 4304 C.
1798 4259 1885 4305 97.
2033 4269 2224 4306 nomen
2248 4271 2363 4307 cum
2399 4256 2491 4306 illo
2524 4257 2641 4306 loco
2663 4255 2807 4305 clare
2828 4256 2955 4306 viti-

1112 4315 1132 4351 ¹
1164 4321 1348 4368 Contra
1389 4319 1590 4383 Mesoa]
1640 4319 1751 4370 Jul.
1793 4319 1964 4369 Obse-
2038 4331 2184 4370 osum
2225 4323 2313 4382 sit,
2348 4323 2525 4371 Μανιος
2564 4321 2955 4372 Freinshemius

1043 4397 1229 4449 quens,
1271 4398 1374 4447 quo
1429 4399 1530 4435 uno
1583 4387 1696 4434 hoec
1751 4393 1967 4434 auctore
2038 4387 2276 4450 Pighium
2292 4395 2499 4436 secutus
2518 4387 2741 4449 intelligi
2756 4385 2953 4435 debere

1043 4449 1301 4506 nituntur,
1348 4451 1517 4499 Medos
1566 4449 1738 4501 babet.
1809 4450 1962 4502 Quod
2034 4452 2293 4503 credidit:
2330 4451 2577 4518 populum
2600 4450 2857 4503 Dardanis
2878 4452 2965 4502 vi-
