3225 5242
797 552 1004 638 mnan
1055 588 1252 641 Lxx.
1299 586 1951 641 suppnnmnu'ruu.
2308 574 2485 641 4393

341 732 405 787 8.
448 726 698 787 Interim
725 726 997 789 Siciliam
1031 750 1210 811 supra
1245 729 1556 790 horribiles
1586 728 1879 790 bellorum
1910 729 2155 791 calami-

255 829 438 895 tates,
465 826 645 883 etiam
677 826 1120 903 magistratuum
1157 825 1567 887 Romanorum
1603 828 1859 888 avaritia
1902 826 2159 887 crudeli·
2214 826 2367 880 Diod.
2390 844 2471 893 tp·
2566 842 2575 853 ·

257 929 352 981 ter
381 930 664 982 vexatam
700 922 772 983 L.
810 922 1194 1004 Sempronius
1218 923 1454 983 Asellio
1477 902 1697 1004 praetor
1724 925 2077 996 abstinentia
2102 934 2165 984 et
2188 894 2301 945 Vel.

259 1018 546 1099 oequitate
569 1039 680 1077 sua
703 1021 1011 1079 recreavit.
1096 1020 1256 1087 Quae
1281 1040 1375 1079 res
1397 1039 1517 1099 quo
1541 1021 1728 1080 rarior
1758 1020 1849 1081 his
1884 1020 2163 1100 tempori-

256 1112 394 1185 bus,
425 1104 506 1174 eo'
537 1116 728 1193 magis
765 1116 1111 1199 necessaria,
1145 1115 1486 1195 diligentius
1519 1136 1700 1196 quam
1738 1118 1797 1175 in
1834 1126 2163 1177 transcursu

257 1210 526 1272 notanda
549 1220 658 1273 oet.
741 1210 1054 1273 Romanus
1079 1194 1356 1294 populus,
1397 1233 1532 1273 cum
1568 1213 1713 1273 olim
1736 1214 1911 1275 bonis
1934 1213 2165 1292 legibus

253 1307 654 1387 institutisque
705 1316 986 1380 uteretur,
1039 1311 1306 1369 maxima
1354 1308 1516 1369 bella
1567 1309 1819 1371 feliciter
1867 1310 2161 1372 confecit:

257 1402 581 1485 multisque
618 1405 868 1465 devictis
913 1404 1146 1488 populis
1184 1404 1641 1486 pulcherrimum
1673 1416 1737 1466 et
1768 1404 2163 1467 firmissimum

255 1500 548 1571 omnium,
599 1520 850 1580 quorum
901 1502 1186 1561 memoria
1233 1510 1426 1573 extat,
1479 1502 1786 1583 imperium
1837 1504 2162 1563 constituit.

259 1596 390 1657 Sed
416 1597 628 1659 eodem
656 1606 835 1659 auctu
861 1606 1158 1658 crescente
1196 1597 1380 1668 fama,
1417 1607 1596 1677 atque
1634 1598 1868 1679 opibus,
1892 1600 2167 1680 superbia
2187 1606 2495 1659 Horarum.

255 1701 326 1753 et
349 1692 528 1755 luxus
551 1694 836 1753 invaluit:
865 1694 1234 1775 explosaque
1263 1695 1452 1755 veteri
1479 1693 1819 1773 frugalitate
1846 1702 1909 1755 et
1933 1696 2165 1776 patien-
2190 1706 2342 1757 Diod.

254 1790 373 1860 tia,
423 1790 528 1869 qui
577 1792 638 1850 in
685 1789 812 1850 otio
855 1798 1036 1871 atque
1075 1787 1309 1850 deliciis
1347 1800 1725 1851 contererent
1766 1792 1972 1863 vitam,
2016 1792 2167 1853 clari

255 1886 542 1966 beatique
571 1886 962 1947 habebantur.
1046 1885 1380 1946 Sumtuosae
1405 1887 1621 1967 epulae,
1642 1896 1968 1967 unguenta,
1990 1890 2169 1950 vestis

253 1984 547 2062 stragula,
575 1992 908 2064 ceteraeque
935 1982 1320 2065 supellectilis
1345 1986 1633 2044 immensa
1656 1988 1851 2066 pretia
1869 1987 1931 2045 in
1951 1988 2167 2049 honore

255 2089 453 2141 erant.
539 2080 939 2161 Quacumque
975 2082 1290 2161 aspiceres,
1324 2082 1499 2145 ebore
1535 2090 1715 2161 atque
1748 2092 1991 2161 argento
2018 2086 2168 2144 nite-

255 2177 416 2237 bant
439 2176 734 2247 triclinia;
783 2197 975 2257 neque
1015 2197 1092 2237 ea
1129 2178 1323 2257 potior
1358 2199 1494 2258 pars
1529 2179 1949 2259 impensarum,
1978 2191 2171 2241 mate-

257 2272 413 2331 riam
437 2271 610 2353 longe
639 2274 910 2335 'vincente
943 2273 1310 2355 manipretio.
1395 2273 1562 2333 Vina
1585 2278 1963 2353 quantumvis
1988 2278 2168 2349 bona,

256 2369 376 2429 nisi
399 2368 654 2430 Falerna
677 2378 783 2430 aut
807 2369 966 2429 chia
989 2379 1202 2441 essent,
1222 2371 1783 2431 contemnebantur:
1808 2373 1867 2432 in
1887 2373 2167 2452 piscibus,
2223 2386 2354 2437 Plin.
2371 2402 2487 2436 nv.

257 2475 580 2548 ceteroque
624 2469 937 2539 obsonatu,
985 2467 1144 2528 idem
1185 2466 1486 2527 fastidium
1527 2476 1676 2528 erat.
1778 2468 2003 2550 Neque
2049 2472 2172 2533 alia
2192 2458 2347 2505 ⁶³⁸·
2376 2457 2455 2503 ¹⁷·

257 2563 622 2644 reliquarum
648 2586 836 2627 rerum
863 2567 1032 2626 ratio.
1121 2564 1414 2625 Mollibus
1433 2565 1861 2647 pellucidisque
1886 2570 2170 2639 vestibuS,
2196 2591 2348 2643 mod,

258 2662 592 2721 meretricio
620 2662 814 2742 potius
843 2682 1024 2742 quam
1061 2662 1332 2722 muliebri
1371 2661 1536 2722 cultu
1558 2665 1817 2742 juvenes
1850 2666 2052 2725 amicti
2075 2667 2173 2728 vel

257 2760 328 2819 in
355 2759 484 2820 foro
507 2762 1040 2841 conspiciebantur.

347 2864 408 2917 9.
451 2857 663 2937 Atque
687 2858 840 2918 inter
864 2859 994 2918 haec
1019 2857 1344 2919 certamina
1379 2859 1676 2931 vitiorum,
1706 2860 1793 2919 uti
1836 2860 2054 2939 cuique
2089 2864 2175 2921 rei

257 2953 528 3032 dignitas
547 2974 628 3013 ex
655 2954 885 3013 insania
908 2955 1207 3013 bominum
1235 2955 1570 3025 constabat,
1598 2956 1791 3035 pretia
1831 2956 1887 3015 in
1931 2957 2173 3016 immen-

255 3070 394 3111 sum
421 3050 807 3129 augebantur.
896 3050 1214 3110 Falernum
1241 3051 1502 3111 centenis
1539 3052 1597 3109 in
1631 3059 1844 3111 testam
1878 3052 2177 3117 denarius

260 3146 534 3207 Pontica
555 3145 918 3207 salsamenta
941 3146 1357 3225 quadringenis
1373 3147 1396 3182 ‘¹
1419 3145 1859 3207 vendebantur:
1888 3156 2177 3227 quaterna

257 3243 494 3304 talenta
511 3250 534 3277 ‘³
558 3262 882 3322 coquorum
924 3241 1295 3302 laudatorum
1335 3244 1650 3303 aestimatio
1684 3252 1845 3303 erat:
1888 3243 2179 3305 delicatos
2234 3252 2361 3303 Plin.
2382 3268 2482 3306 vn.

261 3359 484 3419 pueros
512 3340 714 3399 ‘etiam
765 3340 988 3418 majore
1039 3337 1228 3398 multo
1279 3339 1533 3418 pecunia
1583 3338 1984 3401 licitabantur.
2080 3340 2175 3401 Hi
2198 3321 2351 3434 god.

259 3456 462 3496 mores
501 3442 570 3495 ut
603 3436 915 3496 exhaurire
953 3454 1122 3494 arcas
1160 3433 1510 3505 docuerant,
1547 3436 1634 3496 ita
1673 3436 1767 3497 his
1806 3438 2030 3497 artibus
2069 3458 2175 3497 ex-

259 3532 514 3591 haustas
559 3531 696 3591 aliis
737 3551 906 3610 aeque
948 3532 1291 3612 perniciosis
1335 3529 1564 3611 replere
1605 3533 1922 3611 cogebant.
2027 3533 2179 3611 Inde

259 3628 420 3688 mira
459 3648 602 3688 mox
644 3628 1009 3708 rapinarum,
1046 3627 1414 3706 injuriarum,
1451 3627 1867 3707 fraudiumque
1894 3638 1955 3689 et
1980 3631 2179 3710 perju-

257 3725 488 3785 riorum
517 3744 702 3805 seges.
789 3722 1010 3803 Neque
1055 3724 1159 3782 alii
1189 3726 1324 3802 jam
1353 3724 1414 3783 in
1443 3724 1785 3804 provinciis,
1812 3745 1992 3804 quam
2018 3727 2177 3807 apud

261 3822 480 3881 urbem
507 3840 700 3881 mores
723 3831 928 3881 erant:
973 3820 1154 3880 luxus
1177 3830 1242 3881 et
1265 3820 1521 3881 avaritia
1543 3821 1743 3880 omnia
1766 3831 2127 3901 pervaserat.

330 4012 354 4039 ⁶
391 4006 617 4055 Centenis
639 4038 682 4053 ..
699 4038 714 4055 .
735 4004 970 4067 denariis]
1007 4003 1192 4055 Unciis
1323 4003 1350 4039 ⁶
1381 4002 1591 4053 Pontica
1629 4004 1916 4055 mesta
1951 4002 2177 4068 quadrin-

257 4068 1188 4185 zzffi⁰sssmzt232¹‘·‘1⁵3⁰:...2;¹.⁰5¹01333¹
1255 4068 2179 4197 53:3⁸3.3¹:5⁹¹323¹’..‘:::t.''¹;:⁵5?
2284 4128 2299 4139 ·

262 4200 428 4249 dorus
449 4199 614 4249 utitur
638 4214 766 4251 vore
791 4170 1028 4263 smol,
1049 4200 1188 4264 quod
1259 4199 1358 4249 mit
1382 4150 1665 4249 Diodo'rd'a.
1701 4198 2059 4263 Quadringeni
2074 4151 2181 4249 qic-

257 4278 358 4313 vu
384 4264 498 4327 ipsa
519 4273 601 4314 est
627 4266 892 4329 amphora.
961 4264 1190 4330 Ampho-
1259 4262 1396 4313 narii
1437 4264 1827 4327 aequiparnntnr
1864 4265 2052 4314 marcis
2098 4280 2181 4315 ar·

259 4344 328 4379 ra
349 4328 560 4393 equalis
583 4336 698 4380 erat
725 4328 848 4393 pedi
873 4330 1060 4380 cubico
1084 4331 1188 4380 Ro·
1259 4328 1406 4395 genti
1431 4332 1482 4378 6.
1506 4342 1625 4378 cnm
1650 4328 1817 4379 unciis
1838 4332 1889 4379 2.
1925 4330 2069 4379 cren.

259 4406 442 4456 mano,
458 4400 514 4443 et
531 4394 776 4457 capiebat
797 4395 954 4458 paulo
971 4396 1088 4457 plus
1103 4399 1188 4446 26.
1217 4446 1222 4449 ,
1339 4400 1362 4429 ⁸
1420 4394 1670 4451 Quota-na
1722 4392 1943 4456 talenta}
1980 4395 2179 4447 Marco

261 4458 444 4526 pintus
461 4459 569 4509 vini
593 4459 938 4511 Parisienses.
971 4462 1114 4512 Creo.
1261 4464 1528 4511 nostrates
1564 4462 1773 4525 argenti
1796 4462 1911 4509 875.
1949 4459 2092 4511 Creu.

400 4540 576 4607 Delfi.
594 4544 645 4591 εί
669 4541 785 4593 Var.
809 4540 940 4591 Clas.
1264 4530 1452 4591 Livius.
2224 4548 2286 4597 1³
2322 4548 2375 4599 D
