3225 5242
736 555 812 606 m
824 555 946 624 nm
996 555 1069 606 u
1084 554 1133 604 Χ
1146 582 1165 602 .
1208 549 1862 604 survnlffllm‘ruu.

256 701 361 767 1'7.
422 709 445 740 ‘
470 699 683 763 Tantis
736 699 1095 784 prejudici‘u
1144 697 1563 782 prementibus,
1612 717 1688 760 ne
1741 695 1984 778 quiden
2037 694 2094 756 si

166 799 508 880 potentiam
547 799 731 860 tantis
774 797 1236 876 cogitationibus
1278 816 1483 878 parem
1525 795 1852 865 habuisset,
1893 797 2092 872 regem

164 894 585 957 miscendum
617 895 869 956 honesta
910 903 973 954 et
1006 895 1177 974 justa
1214 893 1635 974 sequentibus:
1677 891 1867 952 multo
1901 890 2096 950 minua

166 991 518 1054 habendum
542 1011 680 1052 cum
704 990 992 1073 periculo,
1018 991 1123 1071 qui
1146 991 1378 1052 etiamsi
1402 997 1563 1050 tutos
1584 997 1862 1070 prastare
1888 1006 2094 1048 omnes

166 1097 397 1170 ponet,
418 1089 540 1149 non
562 1090 686 1150 siue
711 1087 937 1171 pudore
961 1089 1295 1149 haberetur.
1358 1087 1515 1148 Eam
1541 1100 1670 1146 esse
1693 1085 2092 1146 conditionem

166 1185 373 1258 Asiae,
408 1193 501 1258 ut,
538 1186 808 1246 ubertate
847 1184 961 1247 soli
1006 1193 1071 1246 et
1108 1183 1477 1245 humanitate
1515 1181 1922 1254 incolentium,
1957 1180 2094 1263 plus

170 1283 491 1364 aliquanto
514 1281 741 1344 divitiis
764 1291 829 1344 et
862 1283 1029 1364 pacis
1060 1282 1306 1352 artibus,
1346 1299 1526 1362 quam
1560 1293 1856 1340 armorum
1893 1277 2091 1340 studio

164 1379 399 1441 vulcat.
486 1378 743 1441 Vicinos
776 1388 976 1440 autem
1010 1379 1229 1440 habere
1265 1377 1491 1438 feroces
1530 1385 1595 1438 et
1629 1375 1708 1438 ad
1741 1375 1910 1437 bella
1939 1395 2096 1457 prm-

166 1475 393 1536 damve
438 1495 667 1557 snper
704 1485 963 1558 paratos.
1048 1474 1219 1537 Hinc
1264 1473 1674 1553 Gallograecos
1712 1473 2006 1543 accolere,
2043 1479 2094 1533 'a

168 1575 369 1654 prima
392 1573 596 1633 statim
620 1574 847 1653 origine
872 1569 1539 1653 tranmissadisciplina
1556 1569 1882 1652 pradones.
1919 1567 2096 1636 ‚Inde

171 1669 483 1751 Bithynos
520 1679 584 1730 et
620 1669 1015 1751 Cappadoces
1054 1689 1181 1730 esse
1220 1687 1411 1748 reges,
1444 1683 1744 1748 nunquam
1779 1686 1898 1726 non
1935 1665 2094 1727 limis

170 1775 529 1827 contuentes
552 1765 788 1836 Asiam,
816 1775 881 1828 et
904 1767 1209 1826 invasuros
1238 1764 1674 1847 quamprimum
1699 1763 1932 1824 occasio
1959 1763 2092 1845 pla-

168 1865 413 1924 cuisset.
499 1863 669 1930 Quid
714 1863 765 1923 'si
794 1865 927 1943 jam
968 1861 1281 1924 Romanos
1322 1861 1437 1922 sibi
1484 1861 1684 1922 hostes
1715 1859 2096 1923 Aristonicus

166 1959 479 2032 conciliet,
510 1961 649 2039 jure
684 1961 964 2042 potiores,
994 1961 1175 2020 armis
1214 1957 1652 2020 intolerandos?

252 2063 359 2118 18.
406 2065 427 2094 ⁴
458 2057 617 2124 Quis
658 2057 821 2117 enim
850 2057 1059 2118 credat
1094 2055 1311 2117 Asiam
1348 2054 1744 2144 neglecturos,
1769 2052 2093 2135 pulcherri-

170 2173 335 2214 mam
360 2161 594 2235 partem
618 2162 924 2224 terrarum,
951 2163 1015 2214 et
1036 2154 1350 2236 pracipnoe
1382 2153 1727 2234 opulentiae,
1767 2171 1904 2212 cum
1941 2170 2094 2232 pre-

168 2251 375 2314 sertim
414 2249 786 2312 Macedoniae
828 2269 1074 2330 regnum
1114 2259 1377 2322 teneant,
1420 2251 1481 2309 in
1518 2248 1820 2309 Graeciam
1855 2249 2098 2310 mittant

169 2355 481 2430 putores,
508 2367 615 2429 pro
638 2349 809 2426 cujus
831 2347 1105 2410 libertate
1132 2367 1297 2409 arma
1316 2368 1381 2410 se
1408 2347 1690 2408 adversus
1713 2347 2092 2428 Philippum,

168 2463 346 2505 uma
387 2444 674 2506 adversus
698 2445 1066 2506 Antiochum
1108 2446 1379 2506 sumsisse
1410 2452 1580 2505 erant
1612 2442 1868 2523 gloriati.
1947 2443 2092 2504 Jam

171 2541 454 2602 Eumene
484 2543 646 2614 vivo,
672 2562 831 2624 saepe
867 2542 926 2602 in
969 2549 1175 2602 senatu
1206 2543 1527 2620 jactatum,
1568 2539 1716 2620 quid
1755 2541 1844 2601 ita
1875 2539 2092 2604 floren-

166 2639 431 2700 tissimas
455 2639 790 2720 provincias
828 2638 1001 2700 unius
1040 2638 1293 2699 hominis
1316 2639 1551 2699 modico
1578 2647 1716 2700 ante
1754 2657 1936 2718 regno
1981 2637 2089 2698 ad·

156 2735 496 2815 j-eciaeent?

250 2839 358 2894 19.
405 2839 425 2868 ⁸
456 2830 668 2892 Pudor
690 2840 913 2903 tamen,
952 2839 1017 2892 et
1038 2839 1319 2911 regnante
1354 2851 1497 2892 mox
1534 2829 1756 2892 Attalo
1788 2831 2088 2904 amicitiae,

168 2947 327 3008 quas
350 2937 623 3010 potentes
656 2927 989 3009 multasque
1015 2929 1296 3000 babebat,
1320 2930 1664 2990 continuere
1687 2927 1937 3009 cupidas
1960 2947 2090 2990 ma-

170 3045 323 3086 nus:
366 3023 473 3086 sed
496 3025 806 3106 obsequio,
830 3025 1233 3106 sumtibusque
1256 3025 1571 3096 immensis,
1598 3033 1664 3085 et
1693 3043 1922 3084 summa
1943 3045 2088 3085 con-

166 3121 557 3184 tumeliarum
583 3123 871 3204 patientia
892 3123 1011 3184 fuit
1032 3121 1282 3184 emenda
1304 3123 1603 3184 securitas.
1677 3121 1865 3183 Nunc
1889 3130 2089 3183 autem

168 3221 283 3280 ubi
334 3229 493 3282 notre
540 3221 847 3282 bominum
897 3221 1159 3282 avaritiae
1210 3230 1275 3282 et
1322 3220 1634 3282 ambitioni
1671 3227 2088 3280 testamentum

168 3319 481 3380 novissimi
518 3321 677 3398 regis
710 3319 1001 3390 obtentui,
1040 3327 1105 3380 et
1140 3320 1427 3380 immensa
1466 3317 1734 3400 potentia
1767 3316 1846 3377 ad
1879 3336 2090 3377 manus

167 3425 289 3489 eet,
315 3417 519 3498 ecquis
546 3418 833 3496 ambigat,
868 3436 1053 3498 parvo
1090 3427 1225 3498 post
1253 3425 1516 3498 tempore
1548 3415 1848 3497 pedestres
1877 3435 2088 3496 eques-

168 3509 418 3596 tresq'ue
440 3513 853 3576 Romanorum
876 3515 1103 3595 copias,
1124 3515 1507 3596 validamque
1532 3523 1816 3596 praeterea
1835 3513 2088 3576 classem

168 3614 237 3674 in
282 3611 483 3674 media
507 3613 665 3674 Asia
701 3611 871 3674 fore?
968 3611 1357 3676 Meminerint
1379 3613 1579 3694 igitur,
1613 3612 1970 3693 quicumque
2011 3612 2090 3673 de

158 3713 307 3792 jure
336 3709 663 3772 Aristonici
687 3709 1044 3793 disceptant,
1086 3731 1151 3773 se
1190 3711 1403 3774 eadem
1432 3731 1615 3794 opera
1655 3710 1732 3770 de
1763 3705 1928 3770 bello
1954 3709 2088 3770 Ro-

172 3829 359 3870 mano
381 3808 714 3870 decernere.
762 3879 767 3884 ⁶

260 3913 363 3968 20.
406 3915 425 3945 ⁶
458 3907 625 3970 Illud
662 3927 805 3969 sane
848 3913 1163 3976 sumerent,
1214 3925 1364 3986 quos
1412 3925 1603 3987 neque
1652 3903 1902 3966 maximi
1945 3902 2088 3965 olim

172 4023 349 4082 reges
381 4005 707 4087 Philippus
744 4004 1203 4086 Antiochusque
1247 4003 1479 4076 domiti,
1514 4023 1710 4085 neque
1748 4013 1840 4064 tot
1876 4023 1916 4064 a
1954 4001 2088 4064 Ro-

172 4097 371 4163 manis
408 4105 673 4165 subaetoe
717 4111 942 4182 gentes,
962 4097 1055 4164 'ne
1086 4102 1347 4163 recentia
1382 4101 1624 4184 quidem
1657 4102 1936 4182 exempla
1960 4099 2090 4163 mo-

174 4209 393 4270 veant:
438 4203 597 4262 notis
639 4199 1070 4275 Hasdrubalis,
1102 4201 1258 4262 notis
1296 4200 1551 4262 Critolai
1588 4199 1866 4281 Diaeique
1901 4219 2090 4281 nuper

176 4301 513 4370 eventibus,
542 4299 647 4380 qui
684 4299 839 4359 istud
866 4299 1204 4360 incendium
1228 4298 1379 4359 belli
1404 4297 1673 4359 Romani
1699 4317 1820 4358 suae
1844 4297 2090 4378 quisque

176 4394 336 4458 domi
372 4397 760 4472 excitassent,
796 4395 987 4460 donec
1018 4397 1319 4460 Punicum
1350 4397 1683 4480 imperium,
1714 4404 1779 4458 et
1813 4393 2094 4458 Achaica

2237 532 2416 604 4188

2143 2932 2262 2983 ειη.
2286 2947 2363 2983 IV-

2109 2997 2164 3047 in
2187 2997 2351 3062 Epist.

2111 3063 2289 3113 Mithr-
