3225 5242
788 547 995 598 usn!
1050 548 1201 597 mv.
1248 544 1902 600 suspensurum
2274 533 2450 599 4037

292 695 355 750 6.
400 689 499 750 Eo
534 699 801 772 tempore
843 689 925 752 P.
956 689 1285 750 Africanus
1316 699 1381 750 et
1416 689 1487 750 L.
1516 689 1830 752 Achaicus
1863 689 2030 752 varia
2059 697 2123 751 et
2152 688 2261 741 cic.
2287 690 2450 740 Somn.

214 787 361 848 inter
386 789 551 870 ipsos
574 789 823 859 ratione,
848 795 912 848 et
935 787 1093 868 apud
1118 797 1345 848 ceteros
1366 785 1529 848 fama
1552 807 1858 849 censuram
1877 806 2119 850 exeme-
2177 785 2278 836 1)ῑο
2297 803 2379 854 ⁸1²·

212 885 377 946 bant.
449 885 605 946 Erat
626 886 783 946 enim
803 905 911 966 per
936 885 1050 946 hoc
1074 905 1381 946 censorum
1406 884 1585 967 plane
1608 885 1857 946 diversis
1881 885 2032 945 inter
2057 905 2120 946 se
2147 851 2314 905 v⁸¹⁰⁸‘

210 982 494 1052 mon‘bus,
540 1003 679 1044 cum
698 981 851 1044 alter
874 983 1133 1042 intentus
1157 991 1221 1043 et
1242 981 1467 1062 rigidus
1488 981 1670 1043 officii
1692 991 1958 1054 exactor,
1983 981 2118 1044 nul*

210 1076 323 1136 lius
339 1079 429 1139 rei
453 1079 735 1160 cuiquam
760 1079 1009 1158 gratiam
1033 1077 1303 1151 faceret,¹
1332 1077 1437 1139 sed
1461 1077 1778 1140 multorum
1789 1099 1870 1140 ex
1887 1087 2118 1151 senatu,

210 1159 533 1236 multorum
556 1195 636 1236 ex
658 1175 912 1256 equestri
938 1175 1165 1246 ordine,
1204 1173 1283 1236 de
1306 1173 1483 1256 plebe
1509 1183 1708 1236 autem
1735 1175 1910 1256 longe
1935 1175 2116 1256 pluri-

210 1292 439 1332 morum
458 1273 612 1334 vitas
626 1281 843 1334 exacta
860 1273 1172 1353 diligentia
1196 1271 1591 1353 expenderet:
1623 1271 1950 1333 Mummius
1973 1291 2115 1334 con·

208 1379 299 1430 trs
342 1391 541 1452 neque
582 1372 707 1454 ipse
748 1380 979 1432 notaret
1015 1390 1375 1452 quenquam,
1418 1381 1481 1432 et
1512 1379 1748 1431 notatos
1780 1390 1820 1430 a
1857 1370 2116 1452 colleg-s,

209 1487 356 1548 quos
395 1479 617 1550 posset,
666 1469 999 1548 ignominiae
1038 1469 1341 1531 eximeret.
1425 1468 1608 1530 Unde
1643 1489 1850 1550 parum
1871 1489 2117 1530 concors

208 1585 281 1624 ea
306 1586 559 1628 censius
581 1565 733 1628 fuit:
776 1576 840 1627 et
866 1565 1067 1648 Scipio
1093 1587 1231 1627 cum
1256 1563 1543 1626 Herculis
1576 1565 1764 1628 aedem
1790 1565 2112 1638 dedicaret,
2171 1562 2280 1614 05⁶·
2302 1565 2365 1616 de

208 1684 323 1724 non
366 1673 587 1726 vocato
628 1663 707 1726 sd
745 1665 985 1746 epulum
1020 1663 1275 1744 collega,
1310 1663 1674 1725 sermonibus
1696 1663 2000 1724 hominum
2025 1674 2116 1725 est
2137 1628 2308 1748 ⁰1¹2}ss
2331 1635 2418 1682 ω’

206 1763 613 1842 reprehensus.
683 1762 787 1823 Ita
812 1763 1031 1824 nullius
1049 1771 1154 1823 aut
1172 1763 1355 1823 virtus
1378 1770 1567 1834 tanta,
1594 1771 1700 1822 aut
1721 1762 1979 1841 dignitas
1998 1771 2110 1834 est,
2135 1759 2292 1838 Prqc.
2315 1759 2436 1812 Ger.

204 1861 349 1938 quin
378 1860 631 1938 judiciis
667 1861 847 1921 etiam
874 1861 1045 1940 longe
1070 1860 1407 1921 inferiorum
1430 1859 1509 1920 sit
1530 1859 1857 1929 obnoxi-2⁸3
1899 1857 2110 1938 vulgo-
2136 1823 2286 1890 ΜΡ·

204 1975 321 2035 que
346 1957 619 2018 homines
642 1958 823 2019 etiam
845 1957 921 2019 de
940 1957 1059 2020 suis
1082 1957 1421 2020 censoribus
1445 1977 1754 2018 censuram
1777 1966 1980 2037 agunt.

282 2059 344 2116 7.
390 2054 489 2116 At
509 2054 714 2137 Scipio
740 2056 957 2134 ingenii
976 2056 1193 2137 pariter
1212 2056 1511 2136 animique
1536 2074 1654 2115 non
1673 2074 1872 2134 egens,
1895 2059 2110 2138 partim

206 2150 442 2213 facetiis
484 2151 845 2214 discutiebat
878 2153 1267 2216 notandorum
1302 2151 1595 2236 querelas,
1639 2153 1856 2234 partim
1894 2158 2112 2218 severis

202 2249 453 2310 vocibus
476 2249 849 2313 retundebat.
929 2249 1155 2332 Neque
1192 2249 1270 2312 de
1302 2258 1471 2312 tanto
1508 2251 1640 2312 viro
1675 2251 1857 2312 etiam
1886 2251 2110 2315 leviora
2164 2252 2338 2320 Polyb.

202 2345 405 2408 referri
430 2347 737 2428 indignum
767 2358 874 2410 aut
906 2347 1115 2409 inutile
1148 2346 1452 2430 Polybius
1458 2345 1720 2428 judicat,
1751 2349 1896 2429 quia
1911 2357 1977 2410 et
1997 2371 2106 2432 op-
2133 2318 2324 2384 anm.

200 2445 482 2505 timorum
508 2445 801 2506 artificum
824 2444 967 2506 licet
988 2447 1305 2507 minutiora
1322 2445 1491 2526 signa
1514 2443 1892 2506 admiramur.
1977 2446 2104 2527 Igi-
2163 2446 2270 2497 cic.
2289 2447 2351 2497 de

200 2550 292 2600 tur
332 2561 473 2602 cum
518 2543 673 2603 tribu
718 2552 982 2606 moveret
1019 2542 1336 2624 quendam,
1374 2543 1479 2623 qui
1518 2541 1629 2602 sub
1673 2550 1840 2623 patre
1876 2542 2106 2607 Paullo
2129 2511 2264 2564 ΟΜ·
2285 2516 2434 2564 '¹⁵⁷⁰

199 2639 441 2700 ordines
474 2639 717 2714 ducens,
762 2640 965 2723 praelio
999 2661 1117 2702 non
1156 2639 1539 2709 interfueram
1600 2639 2106 2722 interrogaretque

198 2735 303 2795 ille
326 2745 349 2773 ‘
378 2755 488 2798 cur
514 2748 833 2811 notaretur,
861 2739 967 2820 qui
990 2737 1275 2800 custodiae
1292 2757 1474 2799 causa
1495 2736 1865 2798 remansisset
1889 2739 1948 2798 in
1973 2758 2103 2800 cas-

202 2833 368 2893 tris?
410 2835 734 2916 respondit,
774 2847 791 2872 ‘
812 2835 963 2896 Non
990 2855 1125 2896 amo
1154 2835 1397 2894 nimium
1421 2833 1778 2913 diligentes?
1859 2833 2102 2917 Equum

200 2929 427 2990 ademit
478 2931 860 3004 adolescenti,
905 2933 1011 3014 qui
1063 2932 1121 2990 in
1167 2930 1473 2992 obsidione
1516 2929 1899 3010 Carthaginis
1939 2931 2103 2993 lauto
2159 2937 2290 2987 Plut.

199 3029 478 3090 convivio
502 3029 886 3112 diripiendam
904 3031 1013 3090 sub
1039 3027 1230 3108 figura
1246 3037 1309 3088 et
1326 3027 1559 3088 nomine
1584 3027 1746 3086 urbis
1764 3027 2101 3109 placentam
2125 3003 2326 3120 ssfflph.

200 3134 620 3206 proposueratg
665 3128 1069 3208 qnaenentique
1108 3145 1371 3197 causam,
1416 3133 1434 3162 ⁴
1466 3123 1679 3197 Quia‚’
1707 3123 1919 3204 inquit,
1964 3134 1982 3164 ‘
2005 3147 2102 3188 me

200 3221 353 3301 prior
379 3221 805 3301 Carthaginem
829 3221 1161 3304 diripuisti?

274 3325 339 3380 8.
384 3317 565 3378 Idem
590 3321 653 3380 in
674 3310 941 3400 equitum
978 3337 1157 3378 censu
1193 3316 1270 3382 C.
1298 3315 1595 3379 Licinium
1621 3315 1985 3379 sacerdotem
2010 3317 2100 3379 vi·-
2157 3329 2264 3382 cic.
2283 3343 2374 3394 pro

196 3411 343 3474 dens
366 3413 676 3487 accedere,
702 3413 865 3476 clara
886 3434 1035 3476 voce
1060 3422 1309 3475 testatus
1333 3422 1423 3475 est
1448 3423 1466 3453 ‘
1494 3434 1557 3474 se
1582 3414 1755 3486 scire,
1781 3413 2098 3494 perjurium
2121 3393 2321 3510 53³¹*
2343 3413 2390 3446 ⁰·

198 3529 237 3568 a
256 3511 567 3573 sacerdote
591 3511 854 3573 factum:
890 3531 1075 3592 seque
1099 3519 1249 3572 teste
1283 3531 1521 3572 usurum
1547 3531 1698 3582 esse,
1723 3511 1993 3592 quisquis
2025 3531 2100 3571 eo
2155 3525 2265 3575 val.
2285 3525 2426 3574 Max.

200 3610 433 3671 nomine
450 3608 819 3671 sacerdotem
842 3617 999 3670 esset
1010 3607 1429 3670 accusaturus?
1491 3607 1648 3668 Cum
1668 3615 1866 3668 autem
1895 3627 2098 3668 omnes
2119 3595 2262 3705 {5¹ss

198 3715 489 3778 tacerent,
516 3716 535 3742 ⁶
562 3705 805 3768 Traduc
828 3705 1092 3787 equum,'
1124 3705 1339 3786 inquit,
1365 3713 1383 3741 ⁸
1416 3703 1493 3766 C.
1523 3702 1715 3766 Licini
1739 3723 1755 3762 ε
1799 3723 1914 3763 non
1939 3703 2096 3762 enim

198 3822 431 3882 possum
475 3802 635 3865 idem
676 3811 739 3864 et
783 3802 1139 3865 accusatoris
1182 3801 1426 3884 implere
1470 3803 1687 3873 vicem,
1731 3808 1795 3861 et
1833 3798 2100 3880 judicis!

198 3901 483 3961 Ceterum
508 3921 686 3962 censu
712 3901 996 3982 perfecto,
1024 3901 1269 3961 lustrum
1294 3897 1610 3960 condidere
1646 3917 1932 3958 censores.
2017 3894 2096 3955 Id
2119 3895 2252 3946 Fasti
2264 3895 2426 3962 capit.

194 4000 510 4079 septimum
537 4009 719 4080 atque
743 3997 1291 4080 quinquagesimum
1316 3995 1451 4058 fuit.
1495 3995 1696 4057 Censa
1719 4003 1855 4055 sunt
1879 3992 2096 4053 civium
2119 3993 2230 4045 Liv.
2253 3993 2380 4058 Epit-

198 4093 612 4158 Romanorum
646 4097 850 4178 capita
882 4104 1145 4157 trecenta
1168 4095 1378 4174 viginti
1414 4102 1553 4155 octo
1592 4092 1809 4164 millia,
1836 4098 2097 4156 trecenta

196 4194 593 4276 quadraginta
619 4193 757 4255 duo.
801 4193 971 4255 Inter
995 4191 1367 4254 condendum
1392 4191 1661 4260 lustrum,
1719 4209 1821 4252 um
1839 4209 1918 4250 ex
1945 4189 2094 4270 pub·
2119 4183 2230 4235 th·
2251 4183 2384 4234 ³1⁸¹·

770 4417 794 4462 1
836 4411 1059 4463 Faciebat
1082 4409 1203 4462 edd.
1226 4416 1348 4462 ante
1370 4409 1525 4463 Crev.
