3225 5242
690 513 869 578 4090
886 571 893 578 .

1681 529 1750 574 T.
1801 525 1990 576 lell

1018 663 1143 730 tun'i
1190 680 1295 732 aut
1335 689 1541 731 vocem
1579 671 1762 732 hostis
1798 669 2160 733 Numantini
2190 655 2558 728 sustinebat:
2601 682 2790 746 neque
2817 665 2930 726 du-

1016 771 1195 830 bitari
1231 779 1448 853 potest,
1495 770 1638 858 quin
1675 769 1944 830 acerrimi
1984 766 2321 829 mortalium
2353 783 2472 826 non
2497 765 2800 848 patiantur
2825 785 2936 824 nos

1016 877 1227 948 praeter
1248 887 1445 927 muros
1470 868 1632 927 urbis
1655 885 1778 926 suae
1797 867 2061 947 quietum
2085 867 2198 924 iter
2221 863 2456 924 facere:
2522 862 2931 941 Pugnandum

1018 963 1195 1041 igitur
1234 965 1381 1023 erit:
1424 963 1527 1023 sed
1564 983 1688 1044 qua
1725 971 2104 1042 utrorumque
2135 954 2498 1030 conditione',
2537 959 2928 1020 considerate.

1021 1059 1174 1120 Illos
1210 1059 1370 1120 leves
1410 1069 1473 1120 et
1516 1057 1851 1141 expeditos,
1889 1059 1994 1118 ubi
2035 1058 2408 1118 occasionem
2443 1074 2610 1116 suam
2647 1055 2928 1126 viderint,

1016 1158 1247 1216 emittet
1274 1158 1414 1216 urbs
1438 1158 1690 1226 munita,
1715 1166 1779 1217 et
1803 1155 1906 1216 ubi
1933 1154 2248 1224 voluerint,
2281 1154 2565 1234 recipiet:
2609 1171 2715 1213 nos
2739 1173 2778 1212 a
2803 1151 2928 1212 fru-

1014 1253 1374 1314 mentatione
1402 1253 1597 1314 adhuc
1633 1252 1791 1323 soesi,
1831 1251 2196 1330 multumque
2233 1249 2784 1332 impedimentorum
2813 1257 2933 1310 tra-

1016 1351 1241 1420 hentes,
1270 1369 1385 1410 non
1412 1350 1670 1430 incipere
1711 1369 1996 1430 pugnam,
2021 1367 2140 1408 non
2177 1346 2370 1418 finire,
2411 1346 2522 1406 nisi
2559 1365 2636 1406 ex
2670 1346 2928 1426 hostium

1014 1446 1351 1516 commodo,
1378 1447 1715 1527 poterimus,

1101 1549 1199 1602 12.
1242 1553 1259 1580 ⁴
1300 1542 1479 1604 Unde
1520 1563 1716 1624 neque
1757 1561 1993 1622 aequum
2019 1539 2189 1602 nobis
2227 1550 2331 1602 aut
2363 1541 2710 1623 periculum·
2735 1549 2928 1599 certu-

1016 1641 1211 1711 minis,
1249 1649 1357 1701 ant
1400 1642 1706 1722 praemium
1749 1642 1880 1701 erit.
1967 1639 2166 1700 Victis
2203 1640 2366 1700 enim
2403 1639 2674 1699 immanis
2707 1655 2926 1719 expec-

1016 1739 1203 1798 tanda
1259 1739 1463 1800 clades
1512 1749 1626 1808 est,
1680 1741 2003 1800 victoribus
2055 1759 2338 1820 perquam
2389 1737 2626 1799 modica
2677 1737 2926 1799 utilitas.

1018 1833 1309 1915 Magnum
1351 1845 1551 1896 autem
1587 1835 1910 1917 periculum
1949 1836 2148 1914 exig-ui
2187 1835 2484 1896 commodi
2523 1855 2706 1896 causa
2744 1835 2928 1896 susci-

1017 1956 1179 2016 pere,
1234 1943 1519 2031 extremae
1566 1931 1884 1993 dementioe
1933 1953 2060 1992 esse
2111 1941 2276 2013 puto.
2361 1931 2634 2012 Mihique
2681 1950 2931 2010 magnus

1016 2051 1244 2112 semper
1273 2031 1589 2111 imperator
1612 2031 1772 2089 visus
1795 2039 1905 2100 est,
1935 2049 2052 2090 non
2080 2029 2184 2108 qui
2225 2039 2364 2089 ante
2397 2031 2764 2090 occasionem
2789 2049 2928 2089 cum

1016 2130 1183 2189 hoste
1220 2136 1498 2207 properat
1530 2124 1877 2205 confligere3
1921 2127 2025 2186 sed
2053 2127 2181 2208 qui,
2207 2127 2455 2208 provisis
2475 2127 2771 2198 omnibus,
2799 2135 2928 2187 tum

1016 2225 1251 2286 demum
1274 2225 1576 2306 experitur
1600 2225 1800 2294 armis,
1824 2243 1958 2284 cum
1987 2223 2229 2284 ulterius
2249 2223 2474 2284 differri
2500 2224 2652 2284 ratio
2675 2243 2792 2284 non
2818 2244 2927 2306 pa-

1018 2325 1182 2384 titur.
1208 2307 1213 2312 ⁵
1267 2320 1375 2383 Ne
1418 2321 1634 2383 medici
1681 2321 1926 2402 quidem
1965 2321 2184 2382 ferrum
2211 2327 2275 2382 et
2314 2323 2531 2401 ignem,
2555 2321 2668 2382 nisi
2693 2321 2928 2382 solicite

1016 2421 1179 2501 prius
1200 2421 1569 2501 perpurgatis
1588 2420 1957 2500 corporibus,
1983 2417 2322 2480 admovent.
2406 2417 2492 2479 Et
2515 2437 2622 2479 nos
2645 2418 2929 2480 adversus

1016 2537 1341 2598 praecocem
1376 2518 1499 2580 vim
1525 2523 1904 2579 contumaces
1928 2517 2125 2578 hostes
2151 2517 2352 2598 inopia
2381 2517 2542 2598 prius
2565 2524 2629 2576 et
2651 2515 2808 2578 fame
2833 2525 2927 2577 at-

1014 2614 1365 2675 tenuemus.'
1816 2685 1829 2696 ‚

1090 2716 1193 2771 13.
1237 2709 1400 2771 Haec
1425 2711 1530 2771 ubi
1552 2709 1822 2782 dixisset,
1849 2709 2113 2790 longiore
2138 2713 2388 2773 circuitu
2414 2710 2552 2772 duci
2575 2712 2778 2792 copias
2792 2714 2924 2791 jus-

1008 2809 1123 2868 sit:
1148 2809 1489 2887 statimqne,
1509 2809 1613 2888 qni
1638 2808 1848 2869 castris
1863 2809 2164 2889 oppositus
2181 2817 2312 2870 erat
2335 2829 2495 2888 ager,
2523 2817 2786 2869 vastatus
2811 2819 2924 2870 est.

1012 2904 1219 2966 Flexit
1240 2904 1455 2966 deinde
1484 2905 1543 2965 in
1573 2903 1891 2976 Vaccaeos,
1929 2905 2031 2986 qui
2073 2900 2466 2967 Numantinis
2505 2905 2696 2966 forum
2729 2925 2926 2966 rerum

1008 3001 1307 3063 venalium
1336 3003 1702 3084 praebebant.
1786 3001 1889 3063 Ibi
1922 3021 2158 3084 quoque
2183 3001 2452 3064 demens
2476 3003 2699 3075 omnia,
2725 3021 2925 3064 serva-

1006 3100 1201 3180 tisque
1228 3100 1287 3159 in
1317 3119 1481 3159 usum
1506 3100 1806 3160 exercitus
1830 3117 1966 3180 quae
1991 3099 2208 3160 idonea
2241 3109 2430 3172 erant,
2464 3108 2664 3161 cetera
2701 3100 2763 3159 in
2803 3099 2928 3161 fas-

1006 3193 1235 3256 ciculos
1256 3195 1535 3268 collecta,
1564 3197 1804 3276 ignique
1837 3198 2142 3277 supposito
2163 3203 2470 3257 consumta
2493 3207 2647 3258 sunt.
2730 3196 2926 3259 Acci-

878 3363 897 3388 “
1008 3291 1098 3351 dit
1136 3299 1357 3363 autem,
1387 3301 1455 3352 ut
1489 3292 1549 3351 in
1574 3309 1791 3374 campo
1817 3292 2153 3353 Pollentini
2177 3294 2326 3373 egri,
2353 3295 2452 3354 cui
2489 3292 2786 3376 Coplanio
2815 3293 2924 3356 noss

1008 3407 1169 3456 men,
1190 3407 1327 3448 cum
1348 3389 1700 3448 messoribus
1724 3389 1922 3449 hostes
1945 3390 2246 3470 improvisi
2273 3391 2695 3462 incubuissent,
2717 3389 2928 3473 Scipio

1008 3484 1310 3543 tribunum
1336 3483 1593 3545 militum
1615 3484 1700 3546 P.
1731 3483 2034 3547 Rutilium
2062 3485 2319 3560 Rufum,
2354 3487 2460 3570 qui
2496 3507 2689 3550 rerum
2714 3487 2926 3549 harum

1006 3580 1311 3640 historiam
1338 3581 1595 3663 scripsit,
1633 3599 1771 3642 cum
1797 3583 2066 3664 equitum
2093 3583 2207 3644 alis
2231 3593 2488 3666 quatuor
2509 3583 2773 3646 subsidio
2799 3585 2924 3646 fru—

1008 3679 1441 3739 mentatoribus
1474 3679 1752 3740 mitteret.
1838 3678 1938 3740 Ibi
1972 3678 2241 3741 Rutilius
2277 3680 2476 3766 pulsos
2499 3682 2714 3743 acriter
2734 3681 2924 3744 insec-

1006 3783 1188 3845 tatus,
1226 3795 1363 3836 cum
1408 3774 1488 3835 sd
1530 3774 1878 3838 sublimiora
1902 3777 2038 3839 loca
2061 3785 2124 3838 et
2147 3777 2519 3861 impeditiora
2543 3779 2922 3860 pervenisset,

1006 3861 1494 3950 consurgentibus
1530 3873 1781 3945 insidiis,
1811 3893 1962 3955 quas
1998 3875 2195 3936 hostes
2231 3875 2316 3935 ibi
2340 3874 2804 3950 collocaverant,
2830 3897 2928 3937 su-

1007 3967 1135 4028 bito
1162 3969 1223 4028 in
1252 3969 1579 4050 periculum
1604 3969 1836 4030 incidit.

1092 4073 1190 4124 14.
1234 4063 1459 4145 Neque
1484 4069 1866 4128 succurrebat
1889 4067 2010 4128 alia
2035 4070 2207 4141 ratio,
2237 4069 2348 4129 nisi
2374 4077 2444 4129 ut
2465 4067 2674 4130 eodem
2701 4069 2762 4128 in
2789 4067 2924 4130 loco

1009 4163 1290 4240 projectis
1334 4164 1518 4223 hastis
1564 4167 1969 4237 consistentes,
2016 4167 2361 4247 exciperent
2409 4166 2748 4235 irruituros:
2807 4167 2926 4246 ipsi

1010 4277 1199 4337 neque
1226 4259 1579 4320 lacesserent
1604 4261 1856 4332 hostem,
1877 4283 2067 4342 neque
2087 4263 2393 4323 cedentem
2421 4273 2922 4346 persequerentur.

1012 4353 1181 4416 Nam
1208 4375 1375 4416 secus
1396 4357 1447 4416 si
1474 4356 1666 4432 fieret,
1691 4359 2168 4420 distrahebantur
2193 4359 2464 4422 ordines:
2507 4361 2667 4443 quod
2692 4381 2924 4422 summa
