3225 5242
869 607 1074 660 ainai
1128 609 1322 660 Lxx.
1365 611 2025 664 surranum-trun.
2382 599 2559 666 4411

323 745 770 828 opulentissimo
791 751 918 830 ‘qui
963 752 1136 832 primi
1183 755 1342 815 missi
1385 754 1576 836 legati
1615 767 1777 828 sunt,
1821 779 1925 818 eos
1962 759 2041 820 ad
2076 759 2233 820 hunc

323 846 690 924 potissimum
715 846 952 909 fortuna
975 849 1246 912 deduxit.
1331 852 1418 913 Et
1441 855 1686 932 agnovit
1722 854 2081 916 destinatam
2118 857 2233 916 sibi

321 943 790 1022 magnitudinem
818 945 1016 1027 Sylla,
1059 949 1380 1031 positisque
1422 951 1614 1012 tribus
1648 950 1837 1024 sellis,
1873 953 2025 1013 inter
2049 952 2233 1014 Ario-

321 1041 642 1102 barzanem
689 1062 887 1122 regem
933 1053 998 1105 et
1046 1046 1392 1108 Orobazum
1439 1046 1532 1124 (id
1583 1048 1785 1128 legato
1828 1069 2041 1110 nomen
2084 1055 2239 1128 erat)

319 1140 553 1201 medius
595 1139 836 1202 assedit.
941 1141 1126 1209 Quod
1181 1146 1344 1205 varie
1389 1143 1554 1206 laudi
1607 1154 1717 1206 aut
1760 1147 1993 1206 crimini
2040 1147 2233 1228 Syllre

319 1235 563 1308 datumz
611 1237 894 1300 Orobazo
935 1240 1199 1322 capitale
1233 1240 1412 1303 fuisse
1455 1243 1733 1315 traditur,
1768 1245 2101 1324 majestatis
2124 1247 2234 1306 im-

319 1335 564 1395 minutae
591 1334 916 1396 vindictam
939 1338 1202 1398 severius
1219 1346 1475 1400 executo
1495 1359 1655 1418 rege.
1738 1340 1967 1401 Ferunt
1988 1340 2232 1402 Chalci·
2258 1347 2389 1400 Vsu.
2406 1355 2565 1406 mu.

315 1431 564 1494 densem
588 1431 886 1512 quendam
919 1454 1002 1496 ex
1037 1434 1332 1498 Parthico
1373 1437 1687 1509 comitam,
1719 1437 1823 1519 qui
1858 1458 1923 1498 se
1960 1448 2233 1501 naturam
2259 1445 2393 1498 Plut.

317 1549 392 1590 cu
387 1531 608 1612 jusque
651 1550 730 1591 ex
771 1529 968 1592 forma
1008 1534 1339 1617 perspicere
1396 1532 1811 1616 profitebatur,
1860 1536 2235 1598 considerato

319 1623 508 1708 Syllae
554 1627 750 1702 vultu,
799 1629 1097 1711 animique
1147 1639 1210 1691 et
1251 1632 1514 1714 corporis
1557 1634 1839 1704 motibus,
1884 1642 1903 1670 ⁶
1930 1653 2233 1696 necessum

315 1741 444 1784 esse
461 1723 478 1752 '
521 1725 950 1806 pronuntiasse,
993 1736 1012 1764 ⁶
1041 1737 1111 1788 ut
1146 1729 1240 1790 vir
1283 1729 1426 1790 talis
1471 1731 1735 1791 omnium
1772 1729 1997 1792 evadat
2041 1733 2233 1794 maxi-

317 1838 482 1882 mus:
525 1821 796 1903 adeoque
837 1843 900 1883 se
943 1823 1166 1896 mirari,
1203 1825 1366 1907 quod
1399 1826 1725 1887 etiamnum
1751 1827 1865 1888 sibi
1892 1848 2233 1910 quenquam

319 1919 611 2000 aequalem
649 1937 778 1981 esse
817 1922 1161 2003 pateretur?

399 2021 500 2076 52.
545 2014 668 2077 Sed
713 2016 844 2079 haec
879 2017 1124 2098 quidem
1149 2017 1292 2079 foris
1315 2017 1637 2098 magnifica
1679 2018 1902 2102 populo
1928 2019 2233 2092 Romano,

315 2110 600 2192 pudenda
623 2111 786 2173 domi
818 2112 1180 2193 judiciorum
1206 2115 1580 2196 publicorum
1607 2118 1911 2198 corruptio
1934 2116 2231 2178 deforma-

315 2211 462 2272 bat:
505 2230 642 2290 quae
668 2211 952 2273 adversus
975 2212 1314 2292 pestilentes
1337 2212 1500 2273 cives
1525 2212 1817 2286 instituta,
1849 2216 1985 2294 jam
2010 2216 2073 2274 in
2100 2235 2233 2296 per-

315 2307 531 2367 niciem
567 2309 854 2368 bonorum
894 2312 1292 2370 vertebantur.
1377 2308 1461 2369 P.
1489 2306 1787 2382 Rutilius,
1828 2331 1967 2372 cum
2002 2310 2233 2371 confes-
2292 2312 2401 2362 Liv.
2426 2312 2563 2376 Epit.

313 2405 484 2465 aione
535 2405 798 2464 omnium
865 2405 1178 2486 probitatis
1245 2411 1428 2485 atque
1489 2404 1843 2467 innocentiae
1892 2407 2233 2488 exemplum
2291 2409 2479 2462 cic.de

315 2499 653 2572 haberetur,
675 2500 1135 2582 repetundarum
1161 2500 1594 2582 postulabatur,
1626 2501 1965 2582 longissime
1980 2493 2029 2564 'a
2056 2505 2233 2564 mori·
2258 2475 2344 2524 ΟΥ·
2365 2492 2403 2526 ¹⁹
2422 2479 2504 2524 ⁵⁸⁸

315 2595 428 2656 bus
451 2598 583 2676 ejus
609 2597 948 2657 abhorrenti
975 2596 1244 2658 crimine.
1330 2595 1453 2657 Sed
1479 2598 1627 2678 quia
1650 2609 1859 2660 contra
1883 2599 2231 2681 publicano-

313 2701 444 2753 rum
491 2695 738 2773 injurias
782 2692 1000 2754 Asiam
1044 2692 1415 2764 defenderat,
1461 2695 1899 2775 conspiratione
1938 2697 2231 2776 equitum,
2257 2689 2366 2746 1³*-
2383 2691 2521 2756 Epit.

227 2847 250 2862 ,
315 2809 495 2870 penes
518 2810 694 2870 quem
719 2789 988 2850 ordinem
1013 2797 1140 2850 tam
1165 2798 1338 2850 erant
1367 2789 1628 2870 judicia,
1670 2791 1851 2852 facile
1896 2802 1962 2853 et
2000 2793 2230 2853 calum-

315 2887 573 2948 uiatores⁴
614 2886 936 2968 improbos,
982 2893 1048 2946 et
1075 2885 1318 2967 judices
1359 2889 1631 2968 perjuros
1676 2897 1885 2948 nactus
1933 2897 2043 2950 est.
2146 2889 2233 2950 Et
2385 2953 2398 2966 ,

315 3003 438 3065 quo
461 2983 650 3062 magis
683 2984 964 3056 sciamus,
1000 2983 1210 3063 quales
1253 2983 1616 3066 potissimum
1650 2971 1927 3045 habuerit
1953 2986 2229 3046 adversa·-
2254 2951 2545 3067 Affsszss'ffj

313 3082 455 3152 riou,
483 3083 822 3164 praecipuus
843 3083 903 3142 ei
929 3080 1440 3142 condemnationis
1463 3089 1673 3142 auctor
1698 3081 1956 3165 Apicius
1990 3084 2226 3154 extitit;
2254 3099 2306 3147 1>-
2338 3087 2455 3134 168.

313 3178 478 3239 haud
523 3182 716 3240 minus
769 3180 844 3239 iis
895 3181 1259 3260 temporibus
1298 3178 1446 3239 luxu
1507 3178 1764 3253 infamis,
1804 3201 1985 3263 quam
2024 3190 2233 3262 postea
2256 3147 2522 3278 Εῗζῖξορς,

313 3275 556 3336 Tiberio
581 3277 904 3357 imperante
933 3275 1182 3337 Marcus
1205 3274 1337 3338 fuit.

381 3381 497 3435 58.
542 3373 666 3434 Sed
693 3394 786 3434 res
810 3384 934 3434 tam
961 3375 1210 3454 indigna
1235 3393 1356 3434 non
1381 3373 1673 3455 oppressit
1710 3370 1985 3434 virtutem
2025 3374 2228 3435 claris-

313 3473 448 3532 simi
473 3473 611 3544 viri,
654 3472 760 3533 sed
801 3472 1143 3534 illustravit.
1225 3470 1266 3530 J
1270 3491 1368 3532 am
1413 3472 1667 3552 primum
1708 3489 1901 3552 neque
1942 3470 2228 3553 capillum
2287 3475 2399 3526 an-
2422 3475 2560 3527 Max.

245 3561 248 3565 ’
315 3571 640 3631 barbamve
665 3589 896 3630 reorum
937 3589 1100 3630 more
1141 3568 1434 3651 promisit,
1470 3578 1770 3629 vestemve
1804 3571 2082 3641 mutavit,
2126 3579 2231 3629 aut
2256 3557 2329 3591 π·
2349 3544 2400 3592 ‘¹'

313 3665 668 3748 deprecatus
694 3687 1038 3749 quenquam
1061 3677 1188 3727 est:
1231 3675 1315 3740 et,
1343 3687 1482 3726 cum
1507 3667 1750 3726 summis
1772 3667 2126 3738 oratoribus,
2155 3666 2225 3726 L.
2252 3653 2365 3708 0⁵⁰·
2386 3655 2528 3706 ΒΜ·
2644 3685 2652 3693 ’

317 3763 556 3836 Crasso,
603 3764 697 3825 M.
728 3764 1022 3834 Antonio,
1067 3763 1274 3823 amicis
1313 3770 1598 3832 uteretur,
1642 3769 1911 3822 neutrum
1948 3761 2228 3821 adhibere
2253 3735 2298 3770 ε’
2321 3725 2403 3769 ³⁰⁸
2463 3745 2471 3762 ⁰

315 3859 526 3932 voluit,
577 3861 858 3939 injuriam
906 3860 1324 3940 interpretatus
1363 3858 1741 3928 innocentiae,
1776 3859 1825 3917 si
1861 3877 1999 3939 quae
2038 3857 2231 3919 malos

313 3956 670 4037 quandoque
694 3953 1058 4017 defendisset
1079 3955 1443 4035 eloquentia,
1475 3954 1554 4015 ad
1583 3973 1717 4014 eam
1742 3955 1803 4014 in
1830 3974 1937 4014 suo
1963 3954 2227 4035 periculo

313 4045 633 4132 confugere
673 4053 1007 4114 videretur:
1050 4052 1300 4133 paulum
1347 4051 1605 4132 partium
1652 4049 1731 4112 C.
1774 4050 1975 4111 Cottae
2018 4051 2229 4112 tribuit

313 4150 694 4210 disertissimo
719 4147 1226 4220 adolescenti,sed
1255 4148 1383 4208 filio
1409 4149 1638 4209 sororis.
1703 4147 1883 4207 Dixit
1906 4155 1969 4206 et
1984 4166 2227 4208 causam
2290 4147 2397 4201 Cia.
2422 4149 2493 4200 do

315 4245 478 4306 illam
505 4267 583 4307 ex
610 4255 778 4328 parte
805 4245 1068 4326 quadam
1097 4245 1184 4312 Q.
1215 4243 1482 4314 Mucius,
1509 4245 1614 4324 qui
1640 4244 1953 4325 proconsul
1980 4241 2143 4303 illius
2168 4244 2227 4303 in
2254 4213 2343 4265 ⁰¹⁰
2368 4231 2403 4264 ¹·
2429 4220 2511 4266 ⁵⁸⁸

318 4343 476 4405 Asia
500 4342 716 4414 fuerat,
753 4345 980 4421 majore
1005 4343 1096 4404 vir
1127 4340 1634 4421 jurisprudentiae,
1664 4361 1845 4421 quam
1870 4339 2231 4420 eloquentiae

315 4440 497 4502 fama.
565 4438 847 4500 Ceterum
873 4440 998 4521 ipse
1024 4439 1109 4500 P.
1135 4436 1428 4512 Rutilius,
1454 4435 1761 4498 Socratem
1791 4433 2227 4502 Atheniensem
