3225 5242
757 545 933 613 4212

709 2699 717 2708 ’
768 2704 878 2757 nv.
902 2703 1035 2772 Epit.

771 2892 917 2942 Oros.
936 2896 1071 2944 v.14.

806 3769 914 3820 Cic.
935 3784 1022 3835 pm

771 3836 915 3885 Font.
937 3850 983 3883 ο.
1005 3838 1054 3883 1.

807 3899 915 3950 cic.
931 3899 1073 3950 Brut.

1726 559 1795 607 '1'-
1846 558 2035 608 mvn

1088 1623 1349 1695 sortitus,
1419 1623 1570 1684 inter
1633 1621 2036 1685 adornandam
2098 1622 2547 1704 profectionem,
2607 1621 3004 1683 domesticum

1090 1724 1268 1798 graue
1305 1719 1520 1781 vulnus
1562 1722 1819 1801 accepit,
1856 1722 2073 1781 amisso
2111 1720 2288 1781 unico
2328 1719 2476 1793 filio,
2523 1741 2764 1780 summae
2806 1722 3001 1802 pieta-

1089 1816 1166 1875 tis
1205 1824 1266 1876 et
1300 1836 1529 1895 magnae
1564 1818 1690 1898 spei
1715 1819 1960 1897 juvene.
2047 1816 2170 1877 Sed
2215 1818 2370 1877 hanc
2405 1815 2648 1877 familiae
2688 1816 3004 1877 calamita·

1089 1919 1212 1972 tem
1243 1912 1304 1971 in
1331 1922 1712 1992 augmentum
1732 1912 1926 1973 laudis
1947 1913 2263 1985 convertit,
2294 1923 2632 1975 constanter
2665 1922 2846 1993 atque
2879 1911 3003 1972 for-

1090 2008 1227 2069 titer
1271 2029 1444 2069 casus
1483 2010 1864 2071 acerbitatem
1905 2009 2167 2071 ferendo.
2251 2010 2419 2071 Nam
2473 2012 2739 2096 protinus
2778 2032 2817 2071 a
2858 2030 3007 2089 rogo

1091 2102 1202 2164 filii
1236 2105 1462 2166 curiam
1506 2116 1734 2188 petens,
1778 2108 1921 2187 quia
1960 2116 2199 2168 senatus
2234 2128 2309 2168 ea
2345 2108 2444 2169 die
2486 2108 2810 2187 legitimum
2850 2115 3005 2166 tem-

1092 2222 1204 2284 pus
1240 2212 1391 2275 erat,
1420 2204 1591 2284 quasi
1627 2202 1773 2264 nihil
1808 2205 1972 2264 triste
1999 2224 2203 2286 passus
2236 2214 2411 2278 esset,
2448 2204 2791 2288 reipublicae
2817 2224 3005 2283 nego·

1091 2300 1190 2359 tiis
1215 2301 1414 2363 animo
1441 2302 1865 2383 imperturbato
1886 2302 2145 2363 vacavit.

1171 2404 1234 2458 6.
1294 2396 1516 2480 Neque
1561 2399 1761 2459 mirari
1810 2400 2110 2471 convenit,
2159 2400 2351 2462 virum
2402 2398 2519 2459 hoc
2565 2398 2745 2459 animi
2794 2398 3004 2458 robore

1093 2492 1427 2572 praeditum,
1447 2495 1628 2555 etiam
1650 2496 1712 2555 in
1736 2496 2042 2578 provincia
2067 2493 2348 2576 belloque
2374 2504 2607 2555 strenue
2631 2493 3006 2575 feliciterque

1092 2610 1185 2650 res
1209 2590 1474 2670 goesisse,
1499 2612 1840 2672 quanquam
1862 2591 2063 2653 labore
2090 2592 2322 2671 majori,
2344 2611 2526 2672 quam
2544 2591 2753 2671 gloria,
2778 2599 3005 2671 quanto

1095 2685 1231 2768 plus
1271 2686 1392 2747 illis
1428 2690 1701 2767 gentibus
1735 2686 1993 2762 ferociae,
2028 2708 2211 2770 quam
2252 2688 2575 2750 nobilitatis
2613 2698 2759 2749 erat.
2846 2687 3007 2747 Cum

1098 2781 1314 2843 Stoenis
1335 2772 1339 2782 ¹
1358 2784 1659 2865 praecipua
1691 2784 1997 2846 dimicatio
2024 2785 2160 2855 fuit,
2199 2804 2335 2865 quae
2372 2784 2652 2864 Ligurum
2692 2783 3005 2865 Inalpino-

1097 2898 1225 2938 rum
1245 2882 1263 2909 ¹
1291 2881 1455 2940 natio
1479 2889 1591 2951 est,
1622 2879 1781 2941 foeda
1805 2880 2064 2953 feritate,
2098 2882 2252 2942 sicut
2284 2902 2357 2941 eo
2378 2880 2540 2941 bello
2564 2889 2656 2941 est
2679 2881 3007 2959 cognitum.

1096 2976 1255 3037 Cum
1299 2977 1459 3039 enim
1500 2999 1539 3038 a
1573 2977 1872 3039 Romanis
1910 2978 2319 3050 circumventi,
2354 2980 2561 3040 timere
2597 2977 2859 3038 libertati
2885 2997 3007 3037 οω-

1097 3077 1341 3158 pissent,
1370 3075 1657 3137 uxoribus
1679 3096 1816 3137 cum
1842 3076 2008 3157 prole
2036 3076 2384 3148 interfectis,
2406 3076 2638 3155 ignibus
2663 3075 2723 3135 in
2750 3073 3010 3134 aedificia

1095 3173 1404 3253 conjectis,
1447 3174 1633 3253 perire
1670 3172 2024 3234 maluerunt.
2108 3172 2214 3234 Ne
2239 3193 2316 3233 ex
2346 3173 2416 3233 iis
2443 3172 2685 3253 quidem
2710 3172 2813 3251 qui
2840 3171 3007 3252 capti

1097 3269 1176 3328 ab
1205 3268 1500 3329 Romanis
1521 3267 1755 3330 fuerant
1777 3270 1996 3330 servari
2020 3270 2336 3351 quisquam
2362 3270 2577 3350 potuit,
2604 3270 2786 3328 etiam
2811 3269 3011 3350 pueris

1095 3365 1263 3425 vario
1289 3365 1492 3425 mortis
1514 3385 1728 3444 genere
1747 3367 1808 3426 in
1837 3386 2086 3447 corpora
2108 3386 2217 3426 sua
2239 3366 2635 3425 saevientibus.

1180 3465 1240 3524 7.
1284 3460 1382 3521 Ea
1404 3481 1540 3521 cum
1565 3463 1899 3523 renuntiata
1922 3462 2153 3522 senatui
2177 3471 2390 3533 essent,
2420 3482 2563 3541 quo,
2585 3460 2866 3520 adversus
2885 3469 3009 3521 tam

1101 3556 1474 3617 intractabile
1500 3557 1803 3619 hominum
1829 3579 2035 3638 genus,
2057 3557 2219 3639 quod
2238 3560 2295 3618 in
2319 3557 2543 3618 Galliis
2559 3565 2790 3639 partum
2812 3556 3011 3617 fuerat

1098 3649 1321 3713 firmius
1349 3654 1780 3724 contineretur;
1827 3656 2149 3735 amicisque
2181 3654 2388 3736 populi
2430 3653 2699 3714 Romani
2734 3654 3011 3731 gentibus

1099 3750 1333 3831 propior
1367 3770 1521 3831 spes,
1557 3759 1621 3810 et
1655 3751 1949 3830 ambiguis
1985 3760 2172 3812 terror
2205 3759 2392 3820 esset:
2441 3769 2656 3811 novam
2692 3748 2912 3810 deduci
2950 3752 3009 3810 in

1098 3864 1172 3905 ea
1212 3846 1347 3907 loca
1385 3844 1683 3906 coloniam
1714 3846 1961 3928 placuit.
2050 3846 2312 3908 Deducti
2344 3855 2484 3906 sunt
2513 3866 2591 3906 ex
2628 3854 3010 3907 senatuscon-

772 3968 947 4029 ‚mpm
959 3965 1077 4015 clu-
1098 3942 1254 4004 sulto
1277 3944 1436 4006 cives
1456 3943 1741 4004 Romani.
1827 3944 1994 4005 Inter
2019 3945 2348 4004 triumviros
2371 3942 2735 4005 deducendae
2754 3943 3010 4003 coloniae

772 4040 874 4078 ⁰⁰²·
905 4034 986 4080 ⁵¹·
1006 4037 1059 4078 θ*
1103 4038 1172 4098 L.
1201 4039 1451 4101 Crassus
1475 4041 1820 4102 adolescens
1842 4042 1999 4111 fuit3
2029 4042 2133 4121 qui
2158 4044 2521 4120 rogationem
2547 4061 2679 4101 eam
2705 4060 2841 4119 quae
2867 4061 3009 4101 con-

773 4094 837 4143 da
859 4093 947 4143 Or.
964 4110 1024 4143 ιι.

774 4165 858 4209 56.

1101 4147 1194 4198 tra
1217 4138 1511 4200 coloniam
1538 4138 1991 4199 Narbonensem
2016 4138 2335 4211 ferebatur,
2375 4147 2443 4199 ut
2465 4159 2528 4199 se
2554 4136 2775 4219 populo
2799 4138 3007 4199 nonni-

1622 4326 1647 4371 l
1664 4381 1672 4390 ,
1687 4321 2016 4385 Inalffimm
2037 4320 2160 4372 edd.
2184 4330 2307 4373 ante
2330 4322 2488 4373 Crev.
