3225 5242
921 536 1132 587 mam
1183 538 1286 587 nx
1299 538 1366 588 v.
1383 536 1390 547 ·
1409 536 1969 589 suspensura
1982 540 2057 589 u.
2428 522 2603 591 4287

329 709 338 717 ·
375 678 710 741 nobilitatis
733 679 926 741 ultum
955 679 1104 743 ibat.
1185 678 1315 743 Per
1337 679 1468 743 boec
1487 692 1671 763 atque
1694 682 1847 744 talia
1868 682 2189 745 conciliata
2214 682 2275 741 in

371 777 642 837 exercitu
677 785 744 838 et
769 777 988 839 Romoe
1015 777 1327 839 voluntate
1363 779 1556 859 vulgi,
1595 780 1779 841 etiam
1808 778 2061 841 aliorum
2084 780 2276 872 homi-

372 894 516 935 num
533 874 902 955 quibuslibet
919 876 1250 938 rationibus
1277 876 1576 938 attrahere
1604 876 1871 938 favorem
1898 898 2017 937 non
2036 879 2275 939 omitte·

367 972 498 1033 bat.
604 971 798 1053 Apud
841 972 1212 1055 publicanos,
1261 975 1524 1055 itemque
1561 975 1980 1055 negotiatores,
2022 996 2273 1057 quorum
2300 984 2433 1039 vell.
2453 990 2541 1038 na
2556 990 2603 1038 1.

369 1089 588 1149 mag-na
611 1078 742 1131 erat
771 1070 974 1132 Uticae
1011 1070 1356 1145 multitudo,
1404 1071 1643 1133 Metelli
1680 1073 2083 1134 mutationem
2108 1074 2277 1135 incu-

367 1186 526 1239 sans,
546 1168 598 1228 si
621 1167 1000 1231 dimidiatum
1035 1171 1162 1253 ipse
1187 1170 1516 1231 exercitum
1541 1170 1813 1241 baberet,
1834 1172 2045 1252 paucis
2068 1169 2281 1233 diebus
2300 1182 2417 1235 Sall.

367 1261 728 1343 Jugurtham
767 1267 1036 1329 vinctum
1081 1269 1308 1330 visuros
1351 1267 1710 1328 dictitabat:
1768 1278 1999 1350 promte
2044 1266 2167 1328 illis
2216 1278 2283 1330 et

367 1382 508 1423 cum
546 1383 784 1425 assensu
827 1364 1322 1438 auscultantibus,
1342 1365 1489 1447 quia
1527 1364 1753 1426 bellum
1791 1364 2039 1446 privatis
2075 1386 2280 1427 eorum

375 1461 702 1522 rationibus
727 1460 1040 1525 adversum
1059 1463 1530 1543 damnosumque
1555 1471 1708 1523 erat.
2161 1470 2169 1477 ‘

448 1566 551 1620 40.
595 1557 720 1620 Sed
747 1580 940 1641 neque
967 1559 1374 1624 Numidarum
1397 1560 1879 1639 suffrag-ationem
1900 1580 2111 1641 parare
2134 1580 2278 1641 neg-

371 1654 558 1716 lexit:
599 1676 850 1737 quorum
878 1657 1152 1739 princeps
1177 1658 1239 1718 in
1262 1658 1531 1740 partibus
1557 1656 1853 1717 Romanis
1876 1656 2103 1718 Gauda
2126 1666 2278 1730 erat,

371 1750 810 1813 Manastabalis
846 1752 1030 1825 filius,
1067 1756 1200 1835 ejus
1232 1754 1338 1835 qui
1383 1763 1448 1815 et
1480 1753 1865 1833 Jugurtham,
1908 1753 2015 1814 sed
2052 1773 2131 1815 ex
2158 1754 2288 1816 alia

369 1847 638 1921 muliere,
661 1859 1096 1929 procreaverat.
1181 1848 1394 1930 Hujus
1413 1850 1739 1921 amicitiam
1754 1861 1995 1931 captare
2024 1850 2279 1923 Marius,
2326 1870 2359 1917 ,·

369 1944 574 2007 adire:
615 1945 808 2008 donec
831 1954 1228 2029 opportunum
1252 1948 1368 2008 sibi
1402 1956 1585 2019 ratus,
1628 1957 1763 2029 post
1788 1946 1939 2009 alios
1962 1968 2279 2019 semones,

368 2050 434 2101 et
455 2041 799 2105 affectatam
821 2040 1148 2104 officiorum
1173 2043 1691 2124 pollicitationem,
1728 2064 1865 2124 quae
1902 2042 2085 2105 ferme
2132 2042 2280 2105 nulli

369 2140 720 2219 promittunt
753 2140 1089 2201 accuratius
1127 2160 1310 2220 quam
1344 2140 1450 2220 qui
1483 2140 1725 2201 minime
1758 2142 2093 2221 praestaturi
2118 2148 2277 2213 sunt,

368 2235 456 2295 ita
479 2236 695 2316 coepitt
723 2243 742 2272 ⁸
767 2234 956 2297 Nunc
981 2234 1134 2297 illud
1149 2237 1210 2295 in
1231 2236 1564 2318 propinquo
1579 2245 1815 2318 tempus
1838 2244 1948 2308 est,
1972 2256 2093 2316 quo
2110 2254 2277 2298 max·

369 2333 486 2393 ime
504 2332 783 2415 perspici,
809 2353 930 2413 quo
954 2335 1204 2415 quisque
1233 2335 1294 2393 in
1317 2332 1466 2395 alios
1491 2334 1568 2395 sit
1598 2334 1821 2405 animo,
1848 2334 2081 2415 poterit.
2125 2332 2277 2395 Non

367 2450 434 2489 es
457 2431 713 2503 nescius,
737 2451 921 2511 quam
943 2430 1369 2492 contumeliose
1393 2431 1538 2491 mihi
1569 2430 1938 2512 responderit
1964 2431 2277 2504 Metellus,

324 2563 334 2573 ·
365 2535 764 2587 commeatum
790 2527 1037 2607 petenti,
1065 2527 1227 2608 quod
1251 2528 1625 2589 comitiorum
1666 2527 1797 2588 dies
1820 2527 2277 2608 appropinquat.

371 2620 596 2705 Neque
617 2623 760 2684 mihi
775 2631 900 2684 tam
925 2623 1240 2684 infeliciter
1265 2632 1459 2704 gestus
1478 2625 1810 2685 tribunatus
1834 2623 2048 2705 plebis,
2064 2623 2279 2685 deinde

369 2728 627 2801 praetura
648 2728 760 2794 est,
780 2740 972 2802 neque
997 2729 1125 2782 tam
1151 2728 1433 2800 angustus
1459 2722 1710 2792 animus,
1739 2730 1806 2781 ut
1828 2722 1925 2781 bis
1955 2722 2280 2782 bonoribus

367 2827 680 2879 contentus
693 2818 916 2893 vivam,
937 2817 1128 2879 donec
1155 2818 1374 2897 aliquis
1395 2818 1510 2878 erit
1525 2818 1584 2877 in
1609 2818 1853 2879 civitate
1880 2826 2080 2879 nostra
2103 2839 2276 2900 supe-

369 2916 508 2975 rior.
592 2914 689 2975 Ea
701 2936 796 2976 res
815 2934 1157 2996 quanquam
1176 2934 1284 2995 pro
1305 2914 1567 2973 amicitia
1593 2923 1793 2974 nostra
1816 2915 1927 2975 tibi
1946 2914 2139 2975 dolori
2164 2924 2279 2987 est,

371 3032 488 3071 non
503 3020 702 3072 tamen
717 3020 978 3093 peterem
1004 3019 1072 3071 ut
1094 3010 1172 3070 ad
1195 3018 1359 3071 tuam
1379 3007 1667 3071 ultionem
1681 3011 1975 3091 pertinere
1990 3010 2277 3083 crederes,

369 3109 484 3169 nisi
501 3108 772 3186 ejusdem
805 3108 1061 3169 hominis
1085 3107 1364 3188 superbia
1387 3108 1448 3167 in
1483 3116 1569 3179 te,
1595 3126 1775 3187 quam
1802 3106 1864 3166 in
1890 3125 1985 3167 me
2010 3104 2149 3178 fuit,
2190 3107 2278 3167 in-

371 3204 740 3267 tolerabilior
762 3202 1076 3267 extitisset.

451 3311 553 3365 41.
578 3312 598 3341 ⁸
621 3302 794 3364 Nam
817 3302 978 3383 quod
1001 3320 1168 3361 meus
1185 3310 1384 3361 tamen
1407 3300 1725 3381 imperator
1748 3307 1861 3371 eat,
1881 3308 1945 3359 et
1968 3298 2279 3362 nobilitate

372 3400 600 3481 generis
623 3397 833 3471 anteit,
857 3417 976 3459 non
1009 3396 1252 3479 quidem
1287 3396 1589 3469 idoneam,
1626 3396 1733 3457 sed
1778 3405 1977 3457 tamen
2016 3395 2279 3478 aliquam

367 3499 426 3560 ei
453 3493 895 3559 excusationem
919 3502 1180 3577 proestat.
1265 3492 1388 3555 Sed
1412 3492 1713 3574 quodnam
1737 3492 1799 3553 in
1824 3501 1885 3552 te
1910 3491 2069 3553 illius
2092 3496 2278 3574 impe-

371 3592 524 3657 rium
547 3595 678 3655 est?
719 3592 858 3653 Aut
883 3612 1006 3673 qua
1027 3592 1254 3653 ratione
1281 3590 1390 3651 tibi
1429 3611 1492 3651 se
1533 3590 1863 3671 anteponit,
1904 3610 2043 3651 cum
2072 3590 2151 3651 sis
2174 3610 2279 3651 ve-

371 3693 544 3753 tustis
567 3691 796 3752 Africae
821 3690 1056 3771 regibus
1079 3687 1324 3760 editus,⁸
1345 3688 1437 3748 vir
1455 3686 1616 3769 apud
1641 3686 1955 3768 populares
1974 3688 2111 3747 etin
2130 3686 2279 3746 urbe

337 3834 342 3839 -
371 3798 574 3851 nostra
593 3787 1093 3857 honoratissimus,
1121 3784 1457 3846 Masinissae
1486 3784 1821 3844 amiciaeimi
1857 3782 2280 3863 clarimimique

435 3966 466 4003 r
501 3954 818 4015 Qum-atione
838 3952 1286 4018 tibiae-intepuit.
1359 3956 1553 4003 temtor
1595 3955 1654 4001 et
1695 3948 1892 4007 victon-
1922 3963 2015 3999 eos
2056 3949 2279 4001 multum

369 4037 479 4074 eum
518 4022 590 4072 dn
630 4020 833 4070 eductis
873 4019 1064 4081 Africa
1094 4016 1290 4081 regibus
1360 4014 1497 4067 infra
1525 4016 1747 4067 Romani
1780 4012 2002 4063 nominis
2030 4015 2281 4079 majesta-

367 4084 1292 4203 z‘fflfssaeffiffiz’zm
1363 4078 1991 4211 2313202025333222
2012 4080 2279 4208 zum:

285 4220 305 4227 ’
370 4212 1288 4344 ῗῧῖἱῗεῖοἷῶῗῷᾙὶῗηῗωςῗέἆ
1364 4212 1644 4342 ἒῖῗζῗὲῒο
1660 4208 2279 4325 ἷξῖἔὲἒέξῗυῖῗὲοῗὲἱῑ

373 4348 626 4400 Meteilus
646 4360 764 4397 rosc
783 4344 966 4409 nepoti
995 4342 1290 4395 Masinissa
1368 4341 1590 4406 gratiam
1616 4338 1879 4407 obsequiis
1899 4347 1957 4391 et
1980 4338 2279 4392 adulatione

374 4418 679 4479 anteponat.
720 4410 957 4475 Populus
969 4422 1150 4475 regum
1165 4423 1289 4459 con·
1365 4414 1627 4473 captaret.
1664 4406 1805 4456 cm.
