3225 5242
777 512 989 563 unm
1040 511 1268 563 Lxxi.
1311 512 1970 567 SUPPnBuBNTUM.

253 661 389 735 post
421 651 640 714 divinae
673 654 945 715 veritatis
989 663 1198 737 aperta
1231 638 1502 729 oracula,
1548 655 1913 737 rationisque
1948 655 2163 730 lucem,

249 760 318 811 et
341 760 438 812 tot
461 760 706 812 aetatum
737 754 1171 835 experimenta,
1207 752 1407 816 adhuc
1443 754 1763 816 indocilem
1796 756 2001 817 inania
2022 776 2167 816 con·-

249 858 534 911 temnere.
2046 926 2057 933 ἱ

333 952 396 1007 6.
441 946 664 1029 Neque
685 934 797 1028 eg'o
817 948 968 1011 nihil
989 948 1294 1011 metuendi
1313 948 1596 1031 cuiquam
1610 959 1820 1012 auctor
1838 950 1971 1011 sim.
2015 948 2171 1011 Sunt

250 1044 410 1105 enim
437 1065 572 1126 quoe
603 1066 722 1107 non
757 1048 1076 1117 immerito,
1105 1066 1220 1107 nec
1257 1054 1458 1107 tamen
1491 1054 1562 1105 ut
1594 1045 1889 1128 prodigia,
1916 1046 2167 1107 timean-

251 1150 368 1202 tur.
452 1141 623 1204 Nam
655 1145 708 1204 si
751 1143 929 1216 forte,
969 1143 1134 1225 quod
1177 1164 1596 1226 nonnunquam
1638 1143 1883 1215 accidit,
1922 1142 2170 1205 flumina
2288 1177 2297 1187 ·

249 1246 616 1319 restagnent,
645 1249 754 1301 aut
789 1250 952 1305 terra
983 1249 1247 1313 moveat,
1289 1239 1535 1322 percelli
1569 1250 1753 1322 atque
1778 1240 2167 1303 extimescere

251 1354 372 1395 non
399 1336 781 1399 inhumanum
808 1347 918 1399 est.
1004 1335 1129 1399 Sed
1161 1338 1437 1399 nimirum
1473 1338 1536 1399 id
1565 1358 1683 1399 non
1717 1337 2075 1419 prodigium,
2103 1347 2170 1400 et

249 1452 428 1493 omen
452 1443 714 1495 venturae
742 1434 1131 1506 calamitatis,
1171 1434 1279 1496 sed
1305 1434 1538 1496 initium
1561 1443 1629 1495 et
1650 1454 1837 1495 causa
1860 1434 2171 1516 praesentis

251 1539 378 1599 est;
409 1551 602 1613 neque
627 1540 846 1593 mortes
869 1532 1241 1605 animalium,
1267 1534 1498 1594 ruinam
1523 1531 1917 1595 aedificiorum
1938 1532 2165 1613 signifi-

249 1636 376 1699 cat,
402 1628 508 1689 sed
537 1627 806 1690 adducit.
889 1630 1114 1691 Cetera
1135 1632 1343 1703 etiam,
1376 1631 1763 1712 quantumvis
1795 1650 1931 1691 raro
1962 1632 2165 1691 eveni-

250 1735 380 1797 ant,
411 1744 547 1806 quae
574 1734 772 1787 tamen
806 1728 1003 1788 causis
1039 1728 1410 1799 naturalibus
1439 1727 1616 1801 fiunt,
1655 1729 1719 1790 in
1760 1736 2167 1809 portentorum

249 1842 495 1885 numero
519 1844 738 1906 ponere
758 1844 1043 1907 perquam
1071 1826 1468 1908 importunum
1487 1836 1599 1888 est.
1667 1826 1737 1889 Si
1760 1826 2009 1889 fulmine
2032 1836 2163 1889 tac-
2202 1858 2213 1865 ·

249 1928 379 1981 tum
405 1922 778 2005 imperatoris
802 1922 1058 2003 alicujus
1083 1926 1422 2005 praetorium
1447 1934 1562 1995 est,
1581 1924 1633 1985 si
1650 1944 1841 2006 equus
1856 1925 2165 1987 exanima-

249 2028 385 2090 tus3
413 2030 739 2083 castrorum
762 2019 1050 2082 videlicet
1070 2022 1599 2101 oppugnationem,
1621 2030 1683 2081 et
1704 2019 2165 2085 clarissimorum

248 2118 514 2178 virorum
543 2118 842 2178 interitum
867 2115 1251 2198 significavit.
1334 2116 1536 2199 Atqui
1571 2137 1872 2179 necessum
1896 2128 2011 2192 est,
2046 2120 2165 2181 sal-

249 2217 346 2277 vis
367 2225 592 2277 naturae
625 2215 881 2296 legibus,
907 2215 1386 2297 frequentissima
1405 2214 1558 2277 coelo
1581 2215 1939 2277 descendere
1966 2214 2165 2278 fulmi-

251 2332 374 2373 na:
423 2332 560 2394 quae
595 2321 658 2373 et
689 2313 822 2395 ipsa
855 2313 1057 2374 omnia
1097 2313 1160 2373 in
1195 2311 1442 2394 aliquod
1471 2321 1631 2374 certe
1664 2334 1881 2395 corpus
1905 2315 2166 2377 incidere

247 2428 559 2470 necessum
585 2417 695 2469 est.
778 2408 988 2470 Toties
1013 2410 1196 2488 igitur
1213 2411 1418 2470 omina
1453 2407 1685 2483 fierent,
1709 2411 1943 2492 quoties
1966 2411 2167 2473 fulmi-

249 2516 460 2569 naret:
489 2514 670 2589 atque
694 2506 908 2567 eadem
933 2507 1012 2567 de
1044 2508 1258 2568 ceteris
1291 2506 1444 2568 ratio
1469 2516 1660 2578 esset3
1703 2491 1949 2590 pluviae,
1976 2512 2164 2583 venti,

245 2604 494 2684 frigora,
520 2606 706 2665 etiam
744 2604 1135 2666 animantium
1175 2604 1686 2684 inanimorumque
1700 2607 1919 2667 omnia
1950 2626 2169 2687 genera

247 2704 486 2783 quoties
507 2723 570 2763 se
595 2700 726 2762 ulla
745 2722 929 2763 causa
943 2703 1422 2774 commovissent,
1445 2701 1717 2783 prodigia
1738 2704 2165 2767 nuntiarentur.

249 2798 415 2860 Sane
441 2801 706 2880 ingenita
729 2800 1003 2859 humanis
1027 2800 1328 2861 mentibus
1347 2800 1608 2861 dulcedo
1632 2809 1726 2861 est
1746 2801 1896 2863 mira
1921 2809 1986 2861 et
2008 2822 2166 2863 nova

233 2896 936 2978 jactandi'credendique
957 2918 972 2957 ε
1003 2898 1171 2978 isque
1191 2918 1318 2960 mos
1325 2900 1462 2978 jam
1481 2898 1626 2959 olim
1644 2898 1845 2959 omnia
1860 2898 1951 2960 sic
1968 2897 2165 2979 reple-

246 2996 343 3054 vit
364 2996 690 3067 mirumne,
720 3003 789 3055 ut
819 2997 1020 3077 majus
1043 2998 1178 3075 jam
1203 2996 1417 3056 mirum
1445 2997 1543 3066 sit,
1569 2993 1759 3055 ullum
1786 3005 1895 3057 aut
1918 3018 2163 3071 annum,

246 3100 362 3152 aut
387 3092 818 3175 propemodum
841 3092 1038 3153 locum
1064 3094 1328 3175 reperiri,
1348 3094 1453 3174 qui
1473 3092 1761 3154 miraculo
1786 3103 1985 3155 vacet.

331 3198 393 3255 ¹7.
440 3190 634 3270 Igitur
669 3190 1070 3269 gaudentibus
1106 3190 1336 3269 generis
1371 3189 1614 3250 humani
1653 3189 2064 3254 ludificatione
2090 3214 2167 3255 ac

245 3288 490 3359 miseria
513 3287 700 3367 geniis
731 3306 848 3348 non
873 3286 992 3347 fuit
1014 3284 1277 3358 difficile,
1303 3286 1463 3367 apud
1489 3287 1721 3347 curiosa
1746 3296 1811 3347 et
1834 3289 2167 3371 improvida

245 3384 514 3464 ingenia,
556 3382 988 3466 putidissimam
1024 3380 1294 3443 fraudem
1321 3382 1382 3443 in
1421 3382 1565 3443 artis
1599 3383 1941 3463 opinionem
1982 3395 2165 3467 atque

246 3482 668 3543 auctoritatem
701 3477 1022 3540 adducere.
1109 3477 1292 3539 Unde
1319 3477 1588 3560 plurime
1611 3480 1779 3562 apud
1801 3482 1997 3542 varias
2018 3504 2163 3563 gen-

245 3588 344 3637 tes
375 3576 810 3638 divinationum
845 3575 1072 3656 speeies
1103 3583 1350 3647 exortae,
1393 3576 1671 3636 institutis
1692 3576 2028 3653 dissimiles,
2056 3600 2161 3641 va-

245 3675 436 3733 nitate
477 3693 666 3754 pares.
751 3669 946 3743 Nam,
971 3680 1038 3731 ut
1076 3670 1134 3729 in
1173 3670 1506 3732 universum
1541 3671 1703 3752 quod
1726 3674 1917 3735 sentio
1939 3675 2162 3749 dicam,

247 3769 420 3830 nulla
445 3789 646 3830 earum
671 3788 860 3828 rerum
890 3787 1027 3848 quae
1051 3766 1240 3828 oculis
1263 3776 1490 3849 patent,
1512 3789 1647 3829 eam
1666 3779 1939 3831 naturam
1958 3772 2162 3845 habet,

250 3875 340 3938 ut,
373 3865 532 3947 quod
561 3863 870 3925 voluntate
903 3864 1025 3925 Dei
1053 3872 1158 3924 aut
1175 3864 1437 3925 consiliis
1459 3865 1761 3925 hominum
1788 3868 2163 3944 gubernanti-

247 3964 362 4023 bus
397 3962 660 4023 futurum
699 3968 812 4034 est,
840 3959 970 4021 ulla
1001 3968 1165 4022 certa
1199 3960 1582 4041 praedictione
1612 3963 1797 4043 possit
1830 3966 2161 4028 enuntiare.

250 4060 558 4121 Hinniant
591 4060 752 4140 equi,
778 4059 1038 4139 garriunt
1079 4078 1242 4129 aves,
1267 4058 1524 4119 vortices
1557 4059 1820 4119 amnium
1859 4062 2161 4123 tui-binen-

248 4168 368 4229 tur,
414 4166 482 4218 ut
517 4157 744 4223 volent,
779 4156 1072 4216 radiorum
1104 4155 1260 4216 lucis
1298 4154 1711 4216 inenarrabilis
1750 4158 2065 4238 permixtio
2101 4162 2161 4222 in

249 4266 386 4318 aere
420 4254 825 4336 quarumlibet
861 4250 1180 4331 figurarum
1222 4252 1494 4314 efformet
1530 4252 1826 4314 ludibria:
1870 4275 1987 4315 non
2025 4256 2163 4320 ideo

249 4354 396 4439 quid
423 4371 760 4437 prosperum
787 4349 1032 4411 cuilibet
1055 4350 1418 4433 reipublicae,
1445 4351 1592 4433 quid
1624 4351 1935 4414 adversum
1970 4352 2160 4418 immi-

251 4462 412 4523 neat,
441 4450 565 4511 ullo
589 4458 770 4530 pacto
795 4447 1044 4509 noveris.

2319 496 2505 565 4419.
