3225 5242
804 565 1013 615 ιιιιιιι
1064 567 1215 614 mv.
1261 565 1912 621 susannem-um.
2025 541 2038 553 ’
2314 549 2491 619 4035

250 709 449 787 mique
470 728 511 768 a
533 707 900 790 turpitudine
927 711 1203 791 praesenti
1231 707 1312 770 ad
1348 709 1613 791 pristinae
1645 709 1943 771 libertatis
1978 709 2168 770 decus

249 805 477 886 pudore
503 805 775 866 accendi.
863 805 1062 886 Igitur
1099 825 1227 867 sese
1266 815 1477 867 mutuo
1504 807 1892 888 respicientes
1916 809 2164 870 interro-

198 925 207 936 ·
248 903 499 981 gabant,
542 912 565 940 ‘
602 902 741 964 idne
766 903 1046 965 facinoris
1070 905 1269 965 subire
1294 903 1411 967 viri
1436 912 1702 988 possent,
1727 912 1798 965 ut
1821 924 1990 966 arma
2013 905 2170 966 vivis

248 999 491 1060 detrahi
540 1001 847 1082 patianmr
870 1001 934 1061 ‘s’
1014 1000 1243 1083 Neque
1282 1003 1545 1064 virorum
1590 999 1770 1062 modo
1815 1001 1880 1062 hi
1919 1012 2168 1118 questus

247 1106 453 1158 erant:
500 1099 671 1180 pueri
694 1119 931 1179 quoque
958 1120 1033 1161 ac
1056 1099 1337 1162 mulieres
1359 1101 1662 1180 negabant
1699 1107 1718 1136 ‘
1743 1099 1860 1158 sibi
1907 1120 2016 1181 pro
2055 1119 2164 1182 pa-

248 1194 441 1254 tribus
464 1205 575 1257 aut
596 1197 829 1257 maritis
867 1195 1121 1271 futuros,
1164 1197 1272 1278 qui
1317 1205 1549 1258 tantum
1594 1195 1908 1258 dedecoris
1941 1196 2163 1258 adivis-

247 1293 423 1351 seut.’
485 1291 707 1374 Itaque
726 1313 1013 1355 consensu
1030 1295 1279 1356 retentis
1296 1296 1496 1366 armis,
1524 1303 1543 1332 ⁸
1560 1294 1750 1356 vitam
1772 1294 2164 1376 potiusquam
2186 1305 2320 1384 Flpr.
2341 1309 2490 1358 mla.

247 1388 379 1450 haee
410 1391 737 1452 omissuros
775 1411 902 1452 esse
916 1393 934 1421 ’
962 1390 1407 1452 confirmarunt.
2187 1371 2340 1423 M

322 1493 383 1548 8.
424 1486 659 1548 Consul
694 1489 789 1548 his
826 1490 1083 1569 cognitis
1104 1498 1307 1550 castra
1335 1491 1528 1569 juxta
1550 1485 1949 1548 Numantiam
1975 1486 2162 1567 ponit.
2186 1501 2406 1569 Appias.

250 1583 346 1645 Ea
372 1586 435 1644 in
456 1584 790 1658 obsidione,
826 1605 965 1646 cum
990 1605 1097 1667 per
1122 1587 1458 1647 absentiam
1483 1584 1768 1657 consulis,
1803 1584 2040 1664 equites
2073 1584 2164 1644 in·

246 1689 425 1742 caute
452 1691 921 1744 transcurrentes
944 1685 1188 1766 excepti
1208 1684 1289 1744 ab
1307 1683 1581 1744 hostibus
1606 1689 1844 1751 essentz
1886 1683 1946 1740 in
1967 1678 2163 1763 plani-

248 1780 329 1837 tie
355 1777 620 1858 quadam
656 1780 896 1840 instruit
928 1781 1119 1840 aciem
1162 1778 1241 1840 de
1278 1798 1511 1840 summa
1532 1798 1728 1839 rerum
1753 1775 2164 1840 dimicaturus.

248 1873 711 1935 Descenderunt
750 1875 963 1936 eodem
1001 1886 1069 1937 et
1106 1873 1491 1936 Numantini.
1585 1878 1684 1936 At
1722 1893 1864 1935 cum
1907 1873 2166 1956 iniquior

246 1991 465 2052 pugnae
510 1971 715 2032 fumra
747 1971 1015 2033 conditio
1039 1970 1364 2043 videretur,
1402 1974 1571 2050 (nam
1594 1971 1674 2032 de
1699 1968 1968 2032 millibus
2003 1973 2162 2034 viro-
2185 1966 2322 2016 V0¹¹·
2445 1971 2490 2017 ¹·

246 2087 378 2127 rum
410 2067 648 2140 decem,
688 2075 841 2148 quot
876 2068 1051 2130 initio
1074 2067 1225 2130 belli
1251 2067 1591 2130 Numantia
1610 2075 1968 2140 armaverat,
1993 2088 2161 2148 mag·-
2187 1983 2421 2098 Appi-nl·

244 2183 382 2226 nam
404 2173 641 2246 partem
664 2172 760 2224 tot
781 2165 1111 2226 certamina
1134 2165 1595 2243 absumserant,)
1618 2161 1910 2245 paulatim
1929 2184 1994 2224 se
2019 2165 2162 2224 sub-

243 2261 537 2324 ducentes
584 2263 711 2324 sine
760 2263 1117 2324 detrimento
1171 2265 1331 2324 intra
1378 2263 1750 2324 munimenta
1797 2260 2162 2340 refugerunt.

234 2358 584 2442 Pompeius
607 2357 961 2424 difficultate
990 2358 1257 2421 locorum
1295 2369 1362 2420 et
1394 2357 1764 2440 quotidianis
1799 2355 2164 2419 velitationi-

244 2455 358 2515 bus
390 2455 705 2536 fatigatus,
740 2475 881 2516 cum
910 2476 949 2516 a
979 2455 1170 2518 multo
1196 2455 1581 2538 paucioribus
1604 2455 1772 2534 carpi
1798 2473 1938 2516 suas
1960 2453 2168 2534 copias

246 2551 417 2611 nullo
460 2571 661 2634 operae
702 2553 895 2633 pretio
934 2551 1193 2624 videret,
1232 2551 1642 2612 Termantiam
1681 2549 2012 2610 faciliorem
2055 2569 2166 2630 op-

248 2649 656 2728 pugnantibus
682 2647 809 2709 fore
835 2657 1022 2720 ratus,
1048 2667 1122 2709 eo
1142 2645 1487 2710 transduxit
1508 2647 1864 2708 exercitum.
1943 2645 2066 2706 Sed
2103 2653 2168 2708 et

238 2732 329 2804 rbi
356 2766 555 2826 neque
596 2745 830 2806 mollior
856 2745 1063 2818 hostis,
1090 2765 1284 2826 neque
1309 2744 1607 2806 faventior
1625 2742 1864 2804 fortuna
1899 2744 2166 2816 inventa,

248 2840 457 2902 eodem
495 2842 597 2902 die
638 2844 832 2902 tribus
868 2841 1259 2906 incommodis
1294 2841 1579 2923 acceptis.
1647 2839 1819 2902 Nam
1859 2848 1926 2900 et
1963 2859 2168 2920 pugna

248 2938 449 2998 amissi
486 2936 711 2998 milites
744 2939 1107 3019 septingenti
1140 2936 1414 3008 fuerant3
1464 2946 1543 2998 et.
1570 2937 1845 2998 tribunus
1883 2935 2166 3008 militum,

246 3034 350 3112 qui
390 3042 793 3095 commeatum
832 3035 895 3094 in
934 3043 1133 3096 castra
1173 3033 1538 3104 advehebat,
1580 3031 1888 3113 repulsus:
1931 3040 1997 3093 et
2027 3053 2166 3092 curn

248 3129 337 3190 ira
358 3151 437 3190 ac
456 3129 791 3211 cupiditate
818 3129 1061 3191 ultionis
1082 3129 1373 3192 fervidius
1397 3130 1758 3202 institisset,⁸
1779 3128 2063 3211 protrusis
2088 3127 2167 3188 ad

248 3227 585 3308 praecipitia
604 3225 743 3287 loca
763 3225 1171 3288 Romanorum
1190 3226 1518 3298 ordinibus,
1538 3226 1716 3286 multi
1735 3225 1970 3307 pedites
1993 3225 2167 3305 equi-

246 3333 457 3405 tesque
482 3343 623 3384 cum
658 3324 803 3405 ipsis
838 3323 1013 3405 equis
1048 3344 1157 3404 per
1180 3324 1520 3406 praecipitia
1541 3322 1814 3384 devoluti
1840 3323 2166 3404 perierunt.

247 3419 541 3480 Tenebrae
581 3421 1043 3481 intervenientes
1083 3421 1275 3500 magis
1312 3419 1666 3502 periculum,
1709 3439 1892 3499 quam
1917 3416 2170 3499 periculi

248 3517 591 3596 opinionem
640 3515 951 3588 distulere,
993 3525 1241 3598 totaque
1287 3537 1411 3578 nox
1464 3518 1523 3578 in
1566 3515 1750 3576 armis
1788 3523 2012 3576 exacta
2053 3523 2166 3576 est.

251 3611 479 3694 Neque
519 3633 693 3674 secus
734 3623 915 3694 atque
958 3615 1362 3693 conjecerant,
1406 3633 1541 3674 cum
1585 3612 1722 3674 luce
1754 3609 1928 3672 simul
1963 3612 2168 3672 hostes

249 3709 497 3770 affirere.
580 3709 649 3770 Is
689 3730 929 3791 quoque
974 3710 1107 3770 dies
1140 3718 1307 3770 totus
1344 3707 1633 3772 certando
1671 3716 2054 3778 consumtus,
2039 3731 2054 3746 ·
2103 3715 2168 3768 et

251 3817 463 3868 neutro
486 3807 813 3868 inclinante
841 3809 1097 3868 victoria
1141 3806 1411 3888 praelium
1452 3827 1573 3867 nox
1610 3804 1871 3865 diremit.
1943 3803 2168 3864 Acrior

250 3911 475 3976 tamen,
520 3913 590 3964 ιιι
632 3904 695 3964 ιιι
738 3904 1075 3983 angustiore
1101 3923 1365 3974 numere,
1390 3901 1593 3962 damni
1619 3921 1824 3962 sensus
1846 3898 2164 3960 Termesti-
2189 3919 2300 3970 Liv.
2316 3921 2410 3986 Epi
2413 3932 2450 3973 t.
2527 3977 2538 3989 .

256 4003 347 4061 nis
370 4000 525 4061 fuit:
572 4020 693 4081 quo
721 4018 906 4081 prope
933 4000 1202 4061 ultimam
1226 4000 1700 4080 desperationem
1725 3997 1926 4058 adacti
1945 4005 2100 4058 sunt.
2189 3984 2406 4053 Appiam.

311 4231 441 4279 *Εἰ
470 4246 580 4280 eum
600 4231 679 4280 ir«
699 4231 1087 4296 aec-fiducie*
1056 4230 1171 4279 uua·-
1254 4227 1545 4304 Appianas
1574 4225 1734 4278 habet
1778 4234 1982 4278 tantum
2025 4227 2168 4294 τρίτῃ

253 4298 359 4344 osis
396 4295 645 4354 fervidius
694 4295 979 4358 institisset]
1035 4296 1171 4344 Haec
1250 4313 1311 4343 rs
1287 4293 1405 4360 dm,
1428 4292 1573 4342 tertio
1593 4297 1788 4356 muta,
1813 4293 1956 4345 tertio
1975 4293 2164 4360 conflic-

254 4361 425 4409 addiid
432 4370 452 4409 t
498 4361 707 4410 desua
762 4361 1171 4420 Freinshemius,
1251 4365 1325 4410 ιι.
1348 4361 1502 4412 Crev.

255 4441 383 4490 paru
389 4441 435 4475 ιιι
481 4427 549 4476 ad
594 4441 707 4477 rem
758 4424 1167 4478 accommodata.
