3225 5242
742 579 813 627 m
828 579 947 627 BR!
1000 576 1103 625 bx
1118 576 1217 623 v1.
1262 574 1606 625 SUP?LEM
1621 574 1908 637 nuum.

2269 552 2448 621 4297

228 710 425 794 elium,
476 738 655 802 quam
700 718 956 780 affinitas.
996 717 1343 799 Jugurthae·
1384 716 1597 785 valuit,
1645 715 1790 795 quia
1832 712 2122 774 Numida!
2145 711 2264 763 sall.

232 822 549 899 Maurique
591 838 697 899 pro
734 817 951 897 opibus
986 836 1057 876 ae
1098 814 1344 875 libidine
1382 814 1597 873 multas
1623 832 1836 873 uxores
1859 811 2119 873 ducunt:

224 938 299 979 eo
321 916 507 978 levior
530 912 691 995 apud
722 912 859 973 illos
882 933 957 973 ea
980 911 1348 971 necessitudo
1370 910 1639 971 habetur.
2021 906 2030 915 '

239 1053 248 1061 -
284 1022 373 1075 ὖ.
410 1012 579 1072 Inter
602 1012 731 1071 haee
769 1010 850 1069 ad
890 1008 1233 1079 Metellum,
1268 1027 1388 1093 quo
1422 1016 1688 1089 tempore
1721 1006 1980 1067 Thalam
2015 1026 2124 1067 ex-

231 1110 562 1193 pugnabat,
608 1107 1053 1189 Leptitanorum
1098 1104 1281 1185 legati
1322 1114 1632 1176 venerunt,
1685 1104 2021 1187 praesidium
2065 1114 2128 1162 et

228 1208 569 1289 praefectum
602 1214 889 1286 petentes,
934 1203 1015 1264 ad
1052 1201 1423 1264 Hamilcaris
1448 1202 1835 1283 opprimenda
1857 1201 2128 1272 coasilia,

226 1306 329 1386 qui
358 1312 565 1385 potens
582 1310 647 1362 et
666 1300 949 1361 factiosus
974 1301 1151 1360 rebus
1174 1298 1345 1361 novis
1376 1299 1672 1360 studebat.
1757 1298 1854 1359 Hi
1881 1299 1962 1358 ad
1985 1318 2130 1361 con-

226 1401 417 1462 sulem
434 1398 852 1481 Calpurnium,
870 1394 1085 1459 deiude
1108 1394 1371 1456 Romam
1391 1396 1563 1456 initio
1580 1395 1726 1457 belli
1745 1396 1936 1456 missis
1969 1395 2128 1475 leg-a-

226 1500 325 1569 tis,
354 1496 531 1557 amici
548 1496 815 1575 sociique
836 1493 1243 1555 Romanorum
1262 1492 1434 1565 facti,
1467 1494 1752 1574 quiequid
1779 1495 2132 1575 imperatum

228 1616 267 1656 a
290 1593 633 1655 oonsulibus
654 1592 870 1665 fuerat,
895 1599 1123 1673 promte
1152 1590 1533 1671 studioseque
1566 1590 1850 1651 fecerant.
1938 1590 2136 1669 Igitur

228 1690 521 1753 Metellus
542 1690 622 1751 ad
646 1689 930 1751 tuendam
954 1690 1263 1752 civitatem
1282 1697 1539 1769 quatuor
1562 1688 1686 1748 illis
1717 1688 1998 1767 Ligurum
2031 1708 2134 1749 eo-

226 1790 448 1859 hortes,
468 1797 532 1849 et
555 1784 897 1868 praefeetum
927 1784 1003 1846 C.
1026 1786 1293 1847 Annium
1316 1784 1502 1847 dedit.

308 1892 376 1946 6.
416 1885 689 1963 Cognitis
708 1882 925 1945 deiude
952 1882 993 1944 J
998 1882 1265 1963 ugurthie
1292 1882 1642 1964 Bocchique
1660 1882 1948 1955 consiliis,
1973 1881 2136 1963 apud

228 1982 441 2042 urbem
466 1981 699 2042 Cirtam
724 1981 932 2041 eastris
955 1980 1331 2041 eommunitis
1363 1999 1527 2060 reges
1560 1981 1944 2061 expectabat.
2031 1978 2138 2039 Illi

226 2081 413 2151 enim,
456 2078 617 2159 quod
658 2100 699 2139 a
735 2078 821 2146 Q.
861 2076 1117 2138 Metello
1144 2078 1394 2159 captivi,
1429 2076 1772 2159 praedaque,
1797 2086 1862 2139 et
1885 2077 2138 2159 impedi·

228 2185 437 2237 niente
460 2175 647 2237 cirtoe
670 2174 975 2236 collocata
1000 2183 1217 2247 essent,
1238 2175 1319 2236 ad
1344 2194 1476 2235 eam
1502 2176 1708 2237 urbem
1735 2177 1858 2236 suis
1889 2178 2140 2257 quisque

226 2276 423 2358 copiis
460 2273 741 2335 accedere
775 2275 1221 2351 constituerant,
1264 2273 1503 2333 summis
1540 2274 1764 2335 viribus
1800 2271 2140 2355 impellente

226 2372 553 2452 Jug'urtha,
580 2371 685 2451 qui
706 2380 813 2431 ant
836 2372 1038 2431 urbem
1062 2390 1125 2430 se
1144 2379 1541 2451 recepturum,
1567 2380 1694 2444 aut,
1729 2374 1781 2433 si
1809 2392 1850 2433 a
1885 2366 2140 2433 Metello
2251 2389 2254 2392 ·

226 2469 667 2538 defenderetur,
693 2466 959 2549 praelium
984 2467 1112 2534 fore
1136 2469 1446 2551 sperabat3
1492 2470 1650 2530 unde
1677 2470 1986 2532 Bocchum
2006 2469 2140 2529 Ro·-

226 2588 413 2628 mano
451 2565 615 2627 bello
639 2585 868 2647 prorsus
900 2565 1218 2646 illigatum,
1254 2568 1622 2629 stabiliorem
1649 2568 1730 2627 ad
1763 2576 1962 2627 cetera
1997 2586 2138 2627 con-

227 2665 692 2745 stantioremque
710 2662 933 2725 socium
959 2664 1224 2724 haberet.
1308 2664 1670 2746 Quanquam
1693 2664 1876 2745 paulo
1900 2674 2036 2747 post
2057 2681 2136 2725 ex

227 2762 541 2823 voluntate
560 2761 868 2841 Jugurthae
903 2760 1151 2821 consilio
1176 2770 1428 2835 mutato,
1454 2782 1619 2841 reges
1639 2762 1890 2823 diversis
1913 2763 2138 2823 itineri-

226 2860 345 2919 bus
374 2860 435 2927 in,
470 2856 800 2919 difficiliora
824 2858 959 2919 loca
982 2858 1391 2919 discesserunt.

312 2962 381 3019 7.
428 2954 595 3015 Inter
620 2955 729 3015 hos
754 2964 1075 3037 apparatus
1101 2955 1179 3015 ad
1210 2954 1525 3014 Metellum
1560 2954 1842 3029 defertur,
1877 2956 2142 3017 Marium

228 3052 541 3113 consulem
588 3052 838 3123 factum,
882 3054 1057 3133 eique
1098 3052 1461 3133 provinciam
1504 3052 1862 3114 Numidiam
1915 3054 2142 3115 datam.

230 3150 391 3217 Qua
416 3170 479 3210 re
502 3170 684 3233 supra
704 3150 945 3210 modum
966 3151 1199 3221 anxius,
1228 3170 1419 3231 neque
1446 3149 1745 3231 lacrymis,
1771 3172 1962 3232 neque
1979 3152 2144 3211 voci-

227 3250 347 3309 bus
374 3250 770 3331 temperabat,
796 3250 887 3309 vir
912 3257 979 3309 ut
1002 3257 1201 3309 cetera
1227 3250 1517 3329 egregius,
1552 3250 1643 3310 ita
1681 3249 1915 3329 injuriae
1955 3251 2144 3330 impa-

228 3346 409 3407 tiens.
495 3346 655 3425 Ergo
690 3366 881 3405 rerum
916 3346 1321 3424 gerendarum,
1358 3366 1509 3428 quas
1540 3346 1750 3407 alienae
1775 3348 1983 3427 gloriae
2019 3369 2145 3409 ees-

230 3466 406 3505 suras
430 3445 845 3513 arbitrabatur,
871 3444 1111 3523 abjecto
1136 3446 1457 3526 proposito,
1484 3443 1713 3523 legatos
1727 3444 1808 3505 ad
1835 3446 2146 3506 Bocchum

232 3545 449 3615 mittit,
474 3552 537 3602 et
554 3563 592 3603 a
614 3541 777 3603 bello
805 3542 1089 3602 Maurum
1111 3542 1470 3631 dehortatur.
1560 3542 1681 3604 Ille
1701 3544 1957 3605 vicissim
1977 3546 2146 3625 eupi-

234 3642 387 3703 dum
416 3662 479 3701 se
506 3642 671 3721 pacis
692 3639 1029 3723 respondet,
1058 3640 1235 3699 modo
1252 3639 1293 3701 J
1296 3640 1562 3719 ugurthae
1582 3642 1866 3705 rationem
1885 3642 2146 3723 aliquam

236 3738 514 3799 Romani
540 3739 821 3799 habeant.
904 3738 1009 3799 Ita
1032 3737 1393 3799 missitandis
1418 3738 1573 3800 ultro
1596 3739 1871 3820 citroque
1897 3740 2148 3818 legatio-

234 3836 441 3906 nibus,
492 3836 662 3897 sicuti
718 3834 1006 3895 Metellus
1052 3834 1350 3906 voluerat,
1395 3844 1626 3917 tempus
1667 3838 1730 3897 iu
1774 3836 1902 3896 otio
1953 3837 2148 3915 trahe-

236 3934 448 3993 batur.

330 4038 393 4090 8.
443 4028 605 4090 Dum
630 4030 697 4095 in
718 4050 791 4090 eo
830 4038 985 4107 statu
1022 4050 1115 4090 res
1144 4026 1455 4090 Numidiae
1484 4039 1644 4102 sunt,
1671 4029 1748 4091 C.
1781 4029 1980 4090 Mario
2013 4048 2150 4109 sup-

238 4125 609 4208 plementum
636 4136 874 4188 senatus
896 4126 1108 4188 lubens
1130 4128 1499 4199 decreverat,
1526 4146 1642 4187 non
1670 4137 1739 4189 ut
1757 4136 1985 4208 gratum
2011 4146 2154 4187 con-

312 4358 343 4384 ·
377 4350 601 4416 affinitas
638 4351 925 4417 ἄκρα-ιλιι]
973 4352 1167 4404 Bocchi
1246 4354 1370 4418 Jug.
1390 4368 1437 4403 c.
1464 4358 1542 4403 19.
1582 4354 1724 4405 Crev-

242 4414 364 4466 filia
380 4416 652 4479 Jngmthae
669 4426 937 4481 nupserat.
951 4418 1167 4470 Sallust.
1853 4422 1862 4431 '

388 4496 560 4561 Delph.
583 4504 629 4548 et
660 4498 773 4550 Ver.
801 4500 931 4549 Cius.
1280 4500 1463 4550 Livius.

2199 4502 2276 4560 12ν
2295 4498 2345 4547 X
