3225 5242
858 526 1071 576 num
1120 526 1343 577 mxiv.
1390 522 2074 579 susannam-unt.-
2390 514 2566 581 4271
2681 588 2685 591 ,

336 668 575 729 Ceteris
606 688 749 731 vero
785 669 1016 744 diebus,
1058 672 1162 753 qui
1199 670 1439 754 excepti
1476 692 1595 733 non
1636 680 1853 744 essent,
1887 692 1964 732 ne
1987 654 2243 753 amplius
2295 670 2366 723 A·
2387 670 2520 721 Gen.

332 776 749 847 apponeretur,
771 789 953 851 quam
974 770 1171 830 carnis
1188 770 1371 830 aridae
1396 768 1592 852 pondo
1610 771 1746 841 tria,
1769 781 1832 831 et
1857 770 2240 831 salsamento-
2265 751 2328 785 ¹¹⁰
2351 740 2437 787 Μ’

336 884 468 925 rum
494 866 694 947 pondo
717 865 893 937 libra,
930 876 996 928 et
1034 866 1197 949 quod
1232 888 1312 927 ex
1346 874 1525 938 terra,
1559 869 1705 940 vite,
1733 868 2013 928 arboreve
2037 875 2242 927 natum
2299 883 2504 936 Cicagd

210 964 215 971 ’
333 970 510 1021 esset.
596 962 781 1024 Ludis
804 962 1118 1037 Romanis,
1153 966 1300 1025 item
1324 964 1482 1025 ludis
1504 964 1779 1045 plebeiis,
1813 973 1878 1025 et
1911 952 2242 1026 Saturnali-
2266 950 2400 1002 Fam.
2422 966 2521 1001 ”¹¹-

333 1058 471 1131 bus,
498 1068 562 1120 et
582 1060 715 1121 aliis
738 1061 1091 1142 quibusdam
1116 1062 1347 1133 diebus,
1366 1072 1650 1124 centenos
1673 1082 1829 1123 asses
1844 1064 1860 1090 '
1889 1061 2122 1124 Fannia
2139 1062 2242 1123 lex
2266 1016 2501 1129 Εὲἑέθῖιι

336 1154 687 1219 indulserat.
750 1158 831 1219 Id
856 1180 897 1220 a
916 1160 1148 1221 Licinio
1164 1168 1495 1221 servatum:
1523 1159 1934 1242 additumque,
1953 1168 1979 1204 ί
1999 1168 2068 1220 ut
2089 1180 2240 1241 nup-
2263 1160 2386 1223 '⁰⁰⁴3
2400 1148 2584 1197 cm*

335 1253 441 1313 tiis
465 1253 729 1317 ducenos
750 1256 959 1317 liceret
981 1256 1361 1339 impendere?
2263 1226 2437 1325 ἷεῗὶω

422 1358 523 1413 54.
568 1352 717 1415 Non
734 1353 1065 1416 diuturnior
1088 1356 1252 1428 huic,
1292 1375 1474 1436 quam
1508 1354 1799 1437 prioribus
1831 1354 2064 1437 aliquot
2095 1354 2243 1434 legi-

270 1469 277 1477 ·
339 1448 475 1520 bus,
501 1450 873 1513 observantia
896 1454 1181 1515 constitit.
1244 1453 1287 1513 J
1290 1474 1387 1514 am
1410 1454 1568 1513 enim
1593 1452 1978 1513 adolescebat
1998 1451 2244 1525 Rullus,

339 1548 447 1626 qui
474 1568 589 1609 non
602 1550 739 1629 jam
764 1550 1019 1629 gallinas
1043 1560 1107 1612 et
1128 1551 1425 1630 ejusmodi
1462 1570 1673 1630 nugas,
1701 1550 1808 1611 sed
1831 1550 2056 1611 solidos
2073 1569 2248 1630 apros
2299 1555 2430 1606 Plin.
2454 1571 2574 1605 vm.

340 1643 403 1702 in
426 1643 619 1725 epulis
638 1664 935 1727 apponere
954 1646 1228 1708 doceret:
1260 1648 1393 1727 jam
1413 1645 1724 1719 Lucullus,
1751 1647 1856 1727 qui
1883 1666 1990 1727 pro
2013 1653 2248 1707 centus-
2269 1626 2440 1739 ὄζω.
2469 1684 2572 1734 Lu-

338 1739 528 1813 sibus,
550 1762 687 1802 cum
713 1746 923 1824 paucis
944 1745 1213 1806 convivis
1246 1744 1447 1805 subito
1481 1764 1545 1805 se
1584 1744 1968 1805 offerentibus
2001 1741 2248 1803 ducenis
2271 1751 2389 1803 call.

340 1839 667 1901 sestertiis⁰
705 1850 981 1903 coenaret.
1066 1842 1227 1910 Quae
1266 1842 1319 1901 si
1362 1840 1441 1901 ad
1478 1850 1688 1901 nostrae
1727 1842 1996 1923 pecuniae
2031 1860 2246 1907 nomen

340 1943 407 1995 et
432 1937 877 1999 estimationem
900 1938 1263 2019 redigantur,
1290 1939 1650 2001 thalerorum
1685 1938 2082 2019 imperialium
2114 1936 2248 1997 mil-

343 2030 431 2093 lia
455 2034 713 2115 amplius
748 2037 1013 2117 quinque
1048 2036 1395 2098 conficiunt.
1479 2035 1604 2097 Sed
1627 2045 1694 2097 et
1719 2038 1874 2097 intra
1897 2035 2248 2097 decennium

331 2133 509 2211 jussu
537 2132 765 2215 populi,
786 2142 999 2215 agente
1020 2136 1259 2197 tribuno
1284 2135 1479 2217 plebis
1506 2133 1796 2207 Duronio,
1835 2133 1936 2195 lex
1963 2134 2252 2213 abrogata
2307 2146 2420 2199 vd.
2437 2144 2576 2197 Mu.

338 2238 453 2294 ωε.
2275 2229 2338 2263 11.
2359 2220 2412 2267 9.

429 2334 531 2391 55.
574 2328 867 2390 Consules
892 2330 1123 2391 interea
1148 2329 1231 2396 Q.
1265 2328 1548 2389 Caecilius
1575 2328 1885 2400 Metellus,
1916 2328 2008 2388 M.
2036 2326 2253 2391 Junius

346 2423 611 2498 Silanus,
637 2446 774 2488 cum
800 2426 877 2487 de
908 2426 1227 2507 provinciis
1258 2425 1613 2497 retulissent,
1660 2424 1918 2485 Metello
1954 2422 2255 2484 Numidia.
2275 2446 2397 2496 San.

345 2532 410 2585 et
435 2524 855 2602 Jugurthinum
894 2520 1121 2584 bellum
1154 2522 1478 2584 obvenitt*
1516 2521 1755 2583 Silanus
1789 2522 2021 2603 accepit
2049 2520 2252 2582 Galli·
2273 2543 2420 2609 Pigh.
2441 2542 2578 2595 Anu.

345 2642 467 2691 am,
488 2622 633 2701 quia
650 2620 743 2681 M.
768 2620 1041 2681 Minucio
1053 2618 1389 2701 proconsuli
1406 2639 1680 2700 prospere
1695 2627 1904 2679 contra
1926 2617 2254 2679 Thracicos

348 2717 602 2801 populos
646 2738 769 2778 rem
821 2718 1047 2798 gerenti
1086 2716 1384 2799 prorogari
1425 2717 1486 2775 in
1536 2715 1900 2775 Macedonia
1943 2714 2255 2795 imperium

349 2815 678 2897 placuerat.
763 2813 985 2895 Neque
1030 2813 1201 2875 nulla
1242 2833 1425 2874 causa
1460 2820 1609 2884 erat,
1651 2832 1756 2872 cur
1799 2811 2254 2872 Narbonensem
2301 2872 2306 2879 ,

348 2912 623 2972 Galliam
647 2918 883 2971 senatus
907 2910 1273 2993 provinciam
1308 2906 1678 2969 consularem
1701 2906 2065 2979 decerneret,
2093 2906 2254 2986 quod

350 3012 414 3071 in
456 3030 591 3071 eam
629 2998 914 3088 regiraoee
958 3006 1187 3069 Cimbri
1228 3005 1591 3077 ferebantur,
1636 3006 1740 3085 qui
1785 3013 1920 3086 post
1963 3003 2258 3063 Carbonis
2277 3010 2577 3063 nonnus.

348 3108 612 3169 consulis
634 3096 891 3179 cladem,
914 3125 1053 3166 cum
1090 3124 1167 3165 ex
1196 3103 1445 3164 Noricis
1476 3104 1539 3163 in
1579 3101 1828 3163 Italiam
1871 3100 2145 3181 irrupturi
2182 3100 2257 3159 ti-

349 3213 670 3276 merentur,
696 3203 817 3265 alio
841 3211 1176 3264 averterant
1198 3201 1507 3283 impetum,
1527 3200 1589 3259 in
1616 3199 1847 3271 Gallia,
1867 3197 2082 3259 deinde
2105 3197 2258 3259 His-

348 3304 555 3387 pania,
601 3300 929 3384 quaerendis
962 3298 1201 3361 sedibus
1241 3298 1475 3360 intenti.
1560 3296 1684 3358 Sed
1726 3297 1851 3357 istis
1886 3296 2144 3379 populis,
2193 3304 2260 3356 ut

350 3403 605 3483 quisque
630 3395 991 3480 possidebat,
1018 3397 1227 3458 acriter
1252 3394 1401 3457 fines
1434 3415 1571 3457 suos
1604 3394 1957 3467 tutantibus,
1983 3392 2259 3454 exclusos

350 3506 554 3581 petere
581 3496 922 3558 Romanam
946 3494 1313 3577 provinciam
1336 3492 1499 3555 fama
1522 3491 1852 3553 nuntiabat.

436 3602 538 3657 56.
582 3594 739 3655 Cum
762 3594 941 3673 igitur
964 3592 1087 3653 duo
1111 3592 1314 3671 gravia
1349 3590 1533 3665 bella,
1580 3590 1833 3651 alterum
1874 3590 1936 3649 in
1961 3588 2256 3660 manibus,
2283 3608 2403 3660 ssu.

354 3694 608 3755 alterum
636 3693 696 3753 in
722 3690 1159 3773 expectatione,
1199 3697 1430 3759 essent:
1475 3689 1788 3749 intentiore
1821 3706 1966 3748 cura
1988 3686 2260 3747 consules

354 3793 651 3872 agebant:
692 3790 875 3851 etiam
898 3797 1107 3849 senatu
1150 3786 1489 3870 populoque
1526 3786 1605 3847 ad
1630 3784 1928 3848 censenda
1949 3804 2086 3867 quae
2109 3792 2260 3844 tem-

360 4030 769 4083 emmaum
791 4020 1009 4087 amplius
1022 4034 1173 4071 senos
1188 4034 1270 4069 sr-
1414 4026 1441 4054 ⁰
1470 4016 1687 4068 Darnis
1725 4014 1986 4081 sestertiis]
2017 4014 2160 4076 Sive,
2201 4023 2262 4066 ut

354 4094 505 4157 genti
574 4104 755 4141 rossos.
822 4088 1067 4149 Ceterum
1101 4086 1157 4135 in
1183 4098 1273 4135 ex-
1351 4082 1672 4134 Plutarcbus
1697 4081 1976 4145 expressit,
2003 4079 2260 4131 drachmis

356 4107 763 4223 ponendislegis
778 4152 995 4202 Liciniae
1011 4150 1274 4218 capitibus
1352 4152 1674 4225 {vocum-quai
1709 4147 1926 4196 redeunt
1958 4144 2026 4195 ad
2061 4160 2261 4223 marcas

352 4238 465 4275 non
487 4224 653 4299 ‚plane
684 4217 1016 4295 consentiunt
1046 4218 1185 4267 inter
1204 4230 1275 4293 'ss
1355 4220 1558 4277 argenti
1584 4218 1848 4264 nostrates
1871 4214 1988 4263 781.
2003 4225 2188 4265 nucius
2208 4214 2260 4261 2.

358 4289 677 4418 ἓῗιιᾞῗαιῗὲι
690 4281 1147 4408 Βῑῗῖοιὶῗξιῖῗίωέξ
1166 4280 1273 4411 ᾞῘιῖ
1354 4280 1547 4394 ΘῬἉ.
1565 4340 1632 4393 15.
1655 4342 1718 4394 c.
1737 4344 1857 4394 sss.
1889 4338 1956 4391 Α.
1978 4340 2041 4392 c.
2059 4342 2179 4415 3⁰⁰·

359 4434 471 4470 rem
493 4417 627 4469 tanti
649 4430 763 4467 esse
780 4414 947 4468 unser
969 4418 1046 4463 nt.
1080 4414 1225 4463 Cres.
