3225 5242
763 481 970 550 ,4008
1744 502 1841 558 ι,ἰ·.
1890 500 2075 551 mvn

1121 640 1420 716 dentibus,
1447 642 1685 722 gemino
1722 641 2061 706 diedemate
2100 643 2364 723 insigniS,
2399 642 2697 724 utriusque
2732 641 2902 722 regni
2926 640 3061 710 do-

825 735 900 786 Ρο
871 738 1003 804 0·Ῑῄ
1020 753 1102 807 ⁸1³·
1123 739 1346 800 minum
1369 739 1697 821 profitetur.
1780 738 1915 802 8οᾶ
1930 749 2000 800 ιιι
2035 748 2167 801 erat
2198 749 2413 800 natura
2438 741 2629 802 bonus
2648 747 2711 798 et
2738 738 3039 820 aequitatis

791 800 1000 933 yossph.
1123 854 1350 908 amans,
1377 835 1456 897 ad
1491 835 1621 898 baec
1664 835 1845 896 futuri
1886 856 2005 898 non
2038 835 2423 918 improvidus,
2450 855 2643 916 neque
2666 843 2827 896 recte
2850 855 2918 894 se
2946 833 3035 894 fa·

1119 951 1278 1004 cere,
1321 952 1512 1014 neque
1546 931 1869 1015 prudenter
1902 933 2327 1005 arbitrabatur,
2354 933 2407 992 si
2432 931 2737 992 alienum
2720 931 3037 1014 mperium

1119 1027 1322 1092 invitis
1347 1027 1646 1094 Romanis
1669 1039 2026 1111 occuparet:
2070 1050 2223 1110 quos
2259 1029 2467 1110 utique
2510 1025 2887 1088 aemulatione
2928 1049 3035 1108 po-

1119 1123 1322 1186 tentiae
1349 1133 1542 1188 certos
1583 1125 1783 1188 hostes
1818 1127 2075 1206 putabat
2100 1125 2465 1196 habiturum,
2490 1124 2758 1205 quisquis
2783 1123 3037 1205 AEgypti

1121 1220 1430 1332 Syriaeque
1467 1242 1653 1302 regna
1679 1223 2109 1303 conjunxisset.
2190 1221 2401 1290 Quare
2434 1220 2775 1284 convocatis
2800 1219 2861 1280 in
2886 1241 3036 1282 con-

1117 1319 1352 1378 cionem
1377 1317 1907 1391 Antiochensibus,
1944 1327 2080 1400 post
2112 1326 2459 1380 enumerata
2494 1315 2787 1380 beneficia
2810 1337 2944 1390 sua,
2974 1319 3037 1377 in

1115 1413 1276 1476 hunc
1301 1415 1562 1476 maxime
1603 1415 1849 1476 modum
1882 1414 2189 1476 disseruit:
2234 1422 2253 1451 ‘
2285 1413 2483 1474 Erant
2516 1414 2649 1476 hmo
2671 1413 2917 1476 omnino
2943 1421 3035 1474 ιιι-

1115 1509 1225 1582 lia,
1267 1519 1337 1571 ιιι
1375 1531 1550 1573 nemo
1576 1520 1959 1593 praestaturus
1992 1511 2168 1574 alteri
2194 1509 2524 1572 videretur:
2567 1509 2825 1591 ideoque
2848 1510 3034 1592 pleri·

1117 1625 1236 1686 que
1262 1606 1341 1668 ad
1366 1628 1612 1687 reg-num
1640 1607 1833 1690 Syriae
1850 1607 2315 1690 comparandum
2338 1607 2471 1668 haec
2490 1627 2529 1668 a
2546 1627 2641 1668 me
2660 1601 2789 1667 fieri
2813 1608 3033 1682 sentie-

1112 1703 1264 1764 bant
1285 1713 1348 1764 et
1375 1704 1786 1785 loquebantur.
1870 1705 2147 1774 Quorum
2176 1724 2290 1783 ego
2326 1704 2661 1784 opinionem
2685 1703 2832 1786 quia
2858 1701 3037 1764 factis

1114 1799 1380 1862 refellere
1421 1801 1823 1872 decreveram,
1858 1803 2044 1864 verba
2088 1801 2286 1862 verbis
2335 1820 2658 1879 coarguere
2702 1799 3033 1880 supersedi.

1115 1895 1306 1960 Nunc
1333 1907 1530 1961 autem
1555 1909 1621 1961 et
1644 1899 1767 1960 illis
1792 1896 2183 1981 respondebo,
2210 1905 2273 1958 et
2296 1917 2559 1958 meorum
2585 1895 2875 1956 factorum
2904 1917 3031 1970 om-

1113 1995 1278 2055 nium
1319 1996 1608 2056 rationem
1652 1995 1823 2058 vobis
1861 1993 2149 2064 reddam3
2196 1995 2373 2074 hujus
2420 1993 2701 2075 postremi
2743 1994 3033 2066 maxime,

1081 2155 1086 2159 ,
1114 2090 1280 2172 quod
1305 2101 1366 2152 et
1391 2093 1663 2174 accipere
1700 2091 1896 2175 Syriae
1930 2110 2175 2172 reg-num
2216 2090 2361 2150 mihi
2396 2091 2645 2173 placuit,
2685 2099 2751 2151 et
2782 2089 3034 2151 reddere

1113 2195 1426 2270 acceptum
1452 2188 1673 2269 placet.

1191 2289 1297 2346 42.
1342 2292 1361 2322 ⁶
1393 2283 1542 2346 Non
1567 2285 1729 2346 enim
1757 2295 1863 2346 aut
1884 2303 2051 2347 caeca
2073 2279 2353 2366 cupidine
2382 2292 2584 2365 raptus
2609 2283 2723 2344 hoc
2748 2279 3033 2362 diadema

1109 2381 1279 2461 cepi;
1325 2389 1430 2442 aut
1458 2391 1703 2444 coactus
1728 2402 1767 2442 a
1808 2401 2134 2464 quoquam,
2170 2379 2271 2442 vel
2297 2379 2503 2461 aliqua
2542 2399 2847 2462 perperam
2882 2377 3033 2440 facti

1110 2476 1455 2556 poenitentia
1477 2475 1753 2559 depono:
1796 2475 1903 2540 sed
1928 2478 2231 2559 utriusque
2259 2477 2539 2559 temporis
2568 2475 2912 2556 justissimis
2936 2497 3031 2538 ra-

1109 2572 1370 2634 tionibus
1394 2573 1692 2636 inductus.
1776 2574 1933 2636 Cum
1959 2573 2122 2636 enim
2166 2573 2224 2633 in
2266 2571 2505 2654 Syriam
2532 2593 2606 2634 eo
2630 2573 2897 2654 tempore
2922 2569 3030 2632 de-

1109 2668 1492 2741 scendissem,
1509 2688 1633 2752 quo
1659 2669 1867 2732 divisoe
1884 2670 2103 2730 mutuis
2118 2669 2579 2731 dissensionibus
2602 2690 2746 2752 opes
2768 2689 2945 2728 suum
2972 2671 3032 2728 in

1109 2766 1358 2827 exitium
1382 2766 1550 2828 velut
1584 2768 1756 2829 ruina
1779 2767 2142 2839 ferebantur,
2168 2777 2231 2828 et
2267 2766 2437 2826 illum
2463 2787 2639 2849 quem
2667 2767 3033 2828 benevolen-

1108 2863 1198 2924 tia
1223 2883 1357 2924 mea
1379 2885 1576 2944 regem
1597 2883 1996 2946 generumque
2020 2864 2267 2936 fecerat,
2286 2865 2473 2947 ipsius
2495 2865 2759 2945 ingratus
2772 2863 3031 2938 animus,

1109 2961 1570 3044 compositaque
1598 2963 1659 3022 in
1698 2970 1883 3044 eaput
1918 2981 2114 3023 meum
2141 2961 2368 3023 insidiae
2392 2962 2627 3022 hostem
2650 2961 3029 3034 effecissent3

1109 3058 1260 3118 nihil
1286 3068 1410 3120 tam
1453 3080 1663 3121 nocere
1708 3059 1885 3120 rebus
1924 3059 2335 3130 animadverti,
2366 3079 2547 3140 quam
2581 3057 2743 3140 quod
2780 3060 3033 3123 honesta

1109 3175 1246 3236 pars
1271 3156 1510 3228 civium,
1539 3158 1645 3238 qui
1672 3158 1732 3217 in
1762 3175 1910 3239 pace
1945 3165 2010 3217 et
2050 3157 2358 3237 republica
2402 3155 2815 3218 constituenda
2856 3179 3031 3220 suam

1109 3252 1574 3314 incolumitatem
1601 3274 1956 3334 suorumque
1994 3252 2259 3314 fortunas
2284 3273 2486 3315 omnes
2504 3255 2821 3316 consistere
2848 3256 3028 3316 intel·

1108 3346 1393 3426 figebant,
1424 3371 1540 3411 non
1567 3359 1693 3412 tam
1718 3351 2102 3432 praesentibus
2122 3352 2333 3422 moesti,
2356 3371 2536 3431 quam
2561 3351 2639 3413 de
2664 3351 2867 3412 futuro
2889 3353 3031 3414 soli·

1108 3443 1213 3504 citi
1238 3455 1428 3518 erant,
1455 3468 1647 3528 neque
1687 3469 1809 3528 quo
1834 3469 1897 3508 se
1924 3458 2239 3520 verterent,
2268 3458 2375 3510 aut
2404 3449 2465 3508 in
2491 3469 2611 3530 quo
2652 3448 2867 3511 deinde
2890 3473 3029 3534 spes

1109 3561 1370 3624 opesque
1396 3565 1534 3605 suas
1555 3554 1863 3627 ponerent,
1890 3547 2282 3628 reperiebant.

1335 3639 1747 3715 ‘,Alexander
1772 3663 1962 3724 neque
1990 3642 2100 3704 ab''
2084 3644 2251 3705 initio
2261 3647 2462 3725 justus
2481 3644 2895 3726 legitimusque
2918 3666 3026 3706 rex

1105 3753 1146 3796 a
1173 3735 1467 3820 plerisque
1492 3737 1774 3812 creditus,
1803 3749 1973 3802 tanta
2012 3742 2239 3803 saevitie
2274 3741 2667 3824 superbiaque
2704 3751 2931 3822 egerat,
2958 3752 3028 3803 ιιι

1105 3849 1179 3894 eo
1203 3834 1370 3896 salvo
1396 3856 1588 3918 neque
1621 3836 1923 3919 publicam
1951 3859 2096 3911 rem,
2126 3858 2319 3918 neque
2346 3838 2639 3921 privatam
2664 3840 2883 3920 cuique
2902 3841 3023 3901 sal-

1103 3950 1244 3992 vam
1297 3929 1423 3993 esse
1470 3954 1641 4015 posse
1690 3933 2073 3996 confiderent.
2174 3933 2546 3997 Demetrium
2592 3945 2845 4018 paterna
2879 3938 3025 4000 odia

1103 4030 1576 4108 praegravabant,
1595 4040 1659 4092 et
1684 4031 1847 4112 quia,
1868 4053 2057 4114 neque
2078 4033 2271 4114 qualis
2289 4033 2517 4096 futurus
2540 4043 2714 4106 esset,
2736 4037 3023 4116 praesciri,

1103 4144 1296 4204 neque
1312 4136 1595 4206 quantam
1624 4129 1944 4210 potentiam
1974 4129 2051 4190 ad
2078 4130 2482 4192 defendendos
2506 4151 2656 4212 quos
2680 4132 2793 4192 sibi
2822 4136 3025 4216 appli-

1102 4221 1318 4281 cuisset
1344 4224 1650 4285 habiturus
1674 4225 1849 4298 foret,
1877 4229 2171 4308 provideri
2198 4237 2447 4310 poterat.
2536 4227 2773 4289 Idcirco
2800 4241 3021 4293 temere

1101 4319 1398 4398 permixta
1449 4321 1817 4406 fortunaeque
1870 4327 2155 4407 permissa
2208 4328 2406 4387 omnia
2457 4347 2650 4408 neque
2700 4331 3019 4394 consilium
