3225 5242
821 510 1035 559 minu
1088 510 1308 560 var.
1350 506 2000 566 surrnuunnwn.
2348 492 2524 561 4303

290 650 519 731 piaqua
554 648 745 711 fontes
788 651 1125 722 habebant3
1180 650 1533 734 Capsenses,
1580 652 1760 714 aridis
1801 654 1963 713 circa
2007 652 2198 713 omni-

286 748 427 819 bus,
453 758 517 808 et
560 768 679 809 uno
720 758 949 810 tantum
996 751 1154 810 intra
1196 752 1409 811 moenia
1446 750 1635 823 fonte,
1674 749 2016 833 plerumque
2041 769 2202 832 aqua

284 844 499 925 pluvia
524 846 857 908 utebantur.
942 846 1065 907 Sed
1106 848 1215 909 lias
1256 848 1521 930 aliasque
1556 847 1942 909 difficultates
1970 847 2201 909 Marius

281 941 537 1002 consilio
578 952 663 1017 et,
684 943 969 1004 industria
1004 954 1407 1027 superaverat.
1490 944 1787 1006 Simuldto
1811 946 1968 1005 enim
1991 946 2198 1007 itinere

280 1037 365 1097 ad
388 1039 675 1120 oppidum
718 1039 904 1112 Laris,
942 1061 1065 1121 quo
1108 1040 1189 1101 ad
1228 1040 1451 1102 famam
1490 1042 1780 1103 adventus
1803 1044 1894 1102 sui
1917 1040 2199 1124 spargeri-

278 1133 425 1195 dam
452 1136 540 1197 A.
572 1136 871 1198 Manlium
896 1137 1157 1217 legatum
1188 1158 1327 1199 cum
1356 1139 1654 1222 expeditis
1677 1140 2020 1203 cohortibus
2043 1160 2193 1221 prte-

277 1233 558 1304 miserat3
605 1233 779 1314 longe
819 1236 943 1296 alia
972 1236 1073 1296 via
1104 1238 1433 1297 exercitum
1458 1237 1726 1320 Capsam
1753 1257 1954 1298 versus
1975 1236 2194 1298 ducere

274 1329 561 1403 instituit,
609 1352 745 1413 quae
790 1335 869 1394 ab
905 1354 979 1393 eo
1024 1332 1159 1395 loco
1198 1334 1387 1395 millia
1423 1356 1698 1416 passuum
1731 1335 1915 1395 ferme
1953 1343 2192 1396 eentum

274 1428 618 1509 octoginta‘
660 1433 897 1494 aberat.
1001 1432 1287 1493 Ceterum
1318 1453 1596 1513 magnam
1645 1434 1770 1494 vim
1815 1434 2042 1515 pecoris
2087 1454 2192 1515 per

271 1528 505 1607 equites
530 1529 849 1590 auxiliares
872 1549 1075 1591 secum
1106 1550 1307 1610 agens,
1332 1531 1495 1604 inde,
1522 1531 1683 1611 quod
1707 1532 1854 1591 satis
1878 1541 2053 1602 esset,
2083 1551 2190 1612 per

266 1626 567 1687 oeutmias
589 1635 927 1709 turmasque
948 1628 1215 1709 quotidie
1238 1629 1672 1690 distribuebat:
1715 1648 1838 1710 quo
1861 1628 2034 1689 simul
2061 1628 2188 1689 ale·

266 1720 450 1781 batur
471 1723 661 1796 miles‘,
682 1724 856 1785 simul
880 1744 958 1786 ex
986 1725 1161 1787 coriis
1185 1745 1459 1787 numerus
1484 1727 1692 1807 ingens
1719 1726 1936 1786 utrium
1975 1724 2054 1787 ad
2097 1725 2188 1785 in-

267 1827 497 1880 stantes
534 1841 671 1881 usus
702 1820 906 1883 fiebat.

351 1924 453 1978 19.
497 1916 659 1997 Ergo
684 1918 789 1978 ubi
822 1927 994 1979 sexto
1016 1918 1119 1977 die
1156 1916 1235 1979 ad
1272 1915 1517 1989 flumen,
1558 1917 1723 1998 quod
1759 1938 1832 1979 eo
1863 1918 1934 1977 in
1977 1917 2184 1978 itinere

264 2020 421 2083 erat,
446 2024 795 2094 perventum
818 2022 931 2087 est,
952 2015 1255 2095 quiescere
1280 2034 1438 2085 suos,
1462 2014 1722 2095 ciboque
1749 2023 1930 2095 capto
1955 2014 2184 2093 signum

266 2108 685 2188 proficiscendi
725 2119 1042 2191 expectare
1070 2111 1270 2190 jubet.
1354 2108 1485 2169 Sub
1510 2118 1746 2171 noctem
1770 2109 1984 2171 deinde
2009 2111 2180 2171 stati-

262 2205 361 2265 vis
387 2226 671 2285 egressus,
700 2214 987 2287 quantum
1014 2226 1123 2287 per
1146 2206 1421 2265 tenebras
1442 2214 1642 2287 potest
1659 2206 1882 2267 itineris
1899 2205 2178 2269 conficit:

262 2310 399 2361 orto
424 2302 547 2371 sole
584 2313 779 2363 castra
826 2302 1183 2385 muniuntur.
1267 2301 1425 2362 Post
1455 2302 1668 2361 iterum
1693 2311 1872 2364 noctu
1897 2303 2178 2382 pergitur,

260 2395 401 2457 dies
425 2398 619 2480 ,datur
658 2399 870 2479 quieti.
968 2396 1073 2459 Sic
1115 2397 1293 2457 tertia
1326 2406 1506 2459 nocte
1540 2397 1731 2459 multo
1776 2405 1912 2458 ante
1956 2397 2176 2471 lucem,

260 2491 520 2569 duobug„
536 2494 699 2555 haud
732 2494 990 2576 amplius
1026 2515 1067 2555 a
1106 2492 1311 2574 Capsa
1350 2494 1986 2576 millibus‚„occultatoe
2023 2496 2176 2557 inter

258 2591 453 2653 colles
472 2594 662 2674 copiae
691 2612 987 2671 egressum
1010 2590 1442 2672 oppidanorum
1459 2591 1966 2673 praestolabanttir.
2058 2592 2172 2653 At-

260 2710 383 2769 que
410 2690 523 2765 illi,
550 2689 725 2751 simul
748 2689 975 2761 illuxit,
1002 2709 1193 2749 rerum
1218 2688 1477 2749 omnium
1504 2689 1717 2767 ignari,
1741 2709 1879 2750 eum
1895 2710 2002 2769 pro
2027 2710 2168 2750 con-
2255 2748 2260 2755 .

254 2788 570 2852 suetudine
610 2786 691 2848 ad
726 2807 835 2848 sua
860 2788 1111 2867 quisque
1136 2786 1383 2865 negotia
1405 2785 1737 2857 tenderent,
1757 2786 1964 2847 consul
1998 2787 2168 2868 equi-

252 2893 472 2955 tatum,
524 2894 589 2947 et
630 2884 794 2966 quod
841 2885 995 2943 inter
1030 2884 1262 2965 pedites
1309 2883 1742 2944 velocissimum
1797 2892 1946 2955 erat,
1993 2904 2164 2945 cursu
2189 2854 2330 2971 gfff·

252 2982 617 3043 eontendere
649 2978 728 3042 ad
770 2988 971 3062 portas
1008 2980 1171 3041 urbis
1184 2980 1398 3059 jubet:
1442 2980 1569 3059 ipse
1599 2999 1738 3040 cum
1779 2981 1960 3059 signis
1980 2978 2167 3060 legio·

252 3096 399 3139 num
425 3078 767 3158 insequitur.

340 3180 445 3234 20.
488 3173 757 3253 Adjuvit
780 3172 985 3242 dolum
1001 3170 1259 3241 fortuna,
1280 3178 1343 3231 et
1363 3171 1692 3253 Capsenses
1709 3172 2028 3253 improviso
2047 3182 2165 3235 ter-

250 3290 387 3331 rore
413 3270 653 3351 trepidi,
674 3268 849 3330 simrss
870 3287 1107 3330 suorum
1124 3266 1343 3327 multos
1362 3268 1423 3327 in
1441 3276 1732 3349 potestate
1753 3266 2166 3329 Romanorum

246 3386 383 3427 esse
424 3365 713 3438 videntes,
760 3374 958 3447 portas
1006 3362 1433 3445 patefecerunt,
1468 3362 1938 3424 incolumitatem
1977 3366 2161 3446 pacti.

250 3461 382 3523 Sed
425 3462 655 3523 Marius
691 3460 927 3542 direpto
959 3462 1315 3539 incensoque
1350 3458 1596 3540 oppido,
1629 3468 1694 3521 et
1719 3461 2040 3540 puberibus
2065 3464 2156 3521 in-
2291 3460 2298 3471 '

242 3558 542 3631 ‚terfectis‚
568 3566 831 3619 ceteram
858 3554 1297 3617 multitudinem
1321 3554 1433 3615 sub
1455 3575 1674 3615 corona
1697 3556 2008 3617 vendidit:
2037 3576 2152 3617 non

244 3675 361 3735 per
386 3656 723 3727 avaritiam,
750 3664 859 3714 aut
880 3652 1096 3725 scelus,
1112 3654 1253 3732 jure
1272 3650 1420 3713 belli
1446 3651 1742 3731 neglecto,
1767 3671 1972 3712 verum
1989 3654 2170 3733 quia,

240 3752 329 3812 ob
356 3752 533 3813 situm
558 3753 678 3813 loci
704 3760 769 3812 et
806 3748 1113 3811 levitatem
1148 3748 1359 3827 gentis,
1399 3766 1730 3807 mansuram
1758 3748 1818 3807 in
1843 3746 1962 3807 fide
1991 3748 2154 3829 Cap-

242 3868 376 3908 sam
402 3870 529 3909 esse
554 3848 931 3929 desperabat.
1018 3845 1097 3906 Id
1122 3846 1282 3905 enim
1306 3844 1628 3906 Sallustius
1649 3852 1960 3905 causatur:
1985 3846 2154 3923 quasi

242 3966 367 4007 non
384 3946 619 4025 iugenio
629 3945 891 4027 perfidus
911 3943 987 4004 G.
1009 3942 1243 4003 Marius
1261 3942 1486 4013 fuisset,
1498 3949 1605 4002 aut
1619 3943 1679 4002 in
1697 3940 1819 4002 fide
1829 3940 2156 4020 frangenda

240 4044 375 4103 ulla
393 4044 575 4125 possit
592 4045 893 4122 aesejusta
918 4041 1246 4101 excusatio.
1329 4038 1609 4101 Ceterum
1635 4060 1696 4099 re
1718 4047 1886 4099 tanta
1899 4040 2026 4099 sine
2046 4060 2152 4120 pe·

236 4142 435 4202 riculo
460 4140 721 4223 perfecta
739 4138 861 4200 late
876 4139 1103 4199 circum
1120 4138 1413 4199 exercitus
1431 4136 1700 4197 Romani
1711 4156 1946 4218 sparsus
1969 4144 2150 4197 terror

240 4286 339 4403 ω*
369 4286 547 4401 ἔπαξε
584 4299 805 4350 pomam
831 4320 846 4337 .
867 4318 882 4334 .
913 4290 1102 4337 centum
1136 4284 1402 4349 octoginta]
1447 4284 1647 4335 Leucas
1685 4290 1944 4337 nostrates
1982 4280 2148 4335 ferme

314 4386 330 4401 .
412 4366 511 4401 rev.
