3225 5242
746 551 955 601 mum
1008 550 1249 599 van.
1295 548 1950 603 SUPPLEMRNTUM.

237 694 447 757 divisis
487 693 675 775 copiis
713 691 961 753 totidem
1002 692 1187 753 duces
1231 690 1529 773 praeficit:
1591 688 1824 772 predas
1867 711 1945 753 ex
1991 691 2158 771 agris

240 802 497 873 quantas
537 792 762 873 possint
806 809 1023 869 agere,
1050 789 1319 850 homines
1360 808 1527 850 suam
1557 776 1810 849 'cursam
1847 797 2151 849 secuturos

240 892 529 969 recipere,
570 886 785 948 deinde
816 888 879 947 in
917 906 1097 948 unum
1124 907 1197 947 eo
1224 906 1399 968 quem
1436 884 1796 966 praedixerat
1835 886 1968 946 loco
2007 906 2148 946 con-

239 988 447 1047 venire
461 985 663 1064 jubet.
745 982 869 1043 His
894 982 1169 1044 alacriter
1183 984 1357 1062 jussa
1380 984 1669 1054 executis,
1697 1002 1916 1062 magna
1934 984 1996 1043 vi
2022 991 2150 1043 tum

243 1083 501 1144 aliorum
526 1081 899 1153 animalium,
926 1090 1052 1142 tum
1072 1100 1356 1160 equorum
1378 1088 1612 1151 coacta,
1634 1088 1834 1153 tantus
1859 1079 2155 1141 exercitus

244 1179 499 1251 coaluit,
540 1188 610 1239 ut
646 1198 835 1239 novus
864 1198 971 1239 rex
1001 1176 1443 1256 Morgantinam
1470 1177 1735 1239 validam
1761 1178 1991 1248 urbem,
2017 1196 2156 1237 cum

242 1276 483 1337 duobus
506 1276 773 1356 equitum
798 1274 1081 1346 millibus,
1120 1274 1384 1355 peditum
1410 1275 1646 1354 vig-inti,
1682 1272 2165 1343 circumsedet-et„
2235 1342 2242 1345 ,

334 1379 434 1437 8⁷.
480 1372 606 1433 His
638 1374 815 1434 rebus
841 1371 1207 1452 cognitis,P.
1238 1370 1501 1433 Licinius
1526 1372 1780 1433 Italicas
1804 1370 2159 1451 Siculasque

242 1471 483 1551 copias,
520 1469 597 1530 ad
638 1468 850 1531 decem
894 1468 1089 1531 millia
1122 1469 1447 1541 hominum,
1488 1468 1763 1531 celeriter
1799 1477 2190 1539 contractas„

247 1575 543 1627 nocturno
571 1567 777 1627 itinere
802 1565 1004 1627 ducit:
1050 1566 1479 1647 occupatisque
1512 1566 1722 1642 castris
1759 1565 2162 1645 fugitivorum,

250 1662 317 1721 in
338 1664 554 1743 quibus
584 1663 759 1744 pauci
796 1670 1280 1743 propugnatores,
1322 1670 1587 1723 ceterum
1612 1661 1976 1723 foeminarum
2001 1669 2164 1722 cete—

248 1778 453 1839 raeque
496 1758 713 1840 praedae
756 1758 1075 1840 plurimum
1112 1767 1267 1829 erat,
1310 1767 1492 1839 atque
1526 1757 1798 1839 direptis,
1837 1758 1918 1820 ad
1959 1759 2168 1818 urbem

256 1854 709 1935 Morgantinam
726 1853 1053 1915 contendit.
1070 1882 1075 1889 ·
1114 1854 1419 1933 Fugitivos
1436 1855 1939 1936 quemadmodum
1959 1874 2168 1935 repen·
2281 1910 2286 1913 .

251 1952 415 2011 tinus
438 1960 623 2011 terror
642 1950 821 2011 facile
840 1952 1056 2011 ‘castris
1078 1952 1415 2032 expulerat,
1458 1953 1545 2011 ita
1572 1952 1787 2013 notitia
1823 1951 2084 2012 locorum
2107 1959 2172 2011 et

252 2068 380 2109 nox
408 2056 617 2121 tutatae
636 2054 824 2108 erant.
911 2046 1139 2107 Omnes
1164 2047 1347 2109 ferme
1382 2048 1730 2119 incolumes,
1763 2068 1956 2127 neque
1994 2046 2169 2126 longe

252 2145 407 2225 fug-a
456 2144 667 2226 palati,
721 2151 1037 2225 postquam
1080 2144 1235 2204 vires
1286 2144 1664 2224 animumque
1719 2142 2170 2223 recollegerunt,
2273 2210 2284 2225 Ο
2353 2169 2358 2187 ·

254 2252 275 2277 ‘
305 2239 669 2304 reddendam
695 2238 978 2300 Romano
1002 2240 1195 2301 vicem
1210 2240 1229 2269 ’
1267 2239 1548 2312 fremunt,
1592 2250 1609 2275 ‘
1631 2250 1696 2301 et
1719 2248 1928 2301 contra
1961 2247 2167 2299 aucto-

254 2358 385 2397 rem
412 2336 729 2398 vertendns
757 2335 1021 2397 insidias.
1105 2336 1369 2397 Easdem
1404 2337 1697 2408 tenebras,
1734 2356 1870 2416 quae
1911 2336 2024 2395 sibi
2063 2355 2168 2395 no-

256 2434 545 2505 cuissent,
572 2432 761 2493 multo
788 2432 976 2513 magis
993 2432 1261 2493 hostibus
1285 2432 1595 2494 offuturas.
1666 2431 1944 2493 Victoria
1967 2434 2172 2492 incau-
2297 2457 2306 2466 ·

258 2539 377 2601 tos,
400 2528 606 2611 praeda
630 2548 859 2609 graves,
881 2530 932 2588 si
958 2549 997 2589 a
1018 2530 1411 2609 superioribus
1429 2529 1577 2617 locis
1596 2531 1878 2600 incurses,
1899 2528 2174 2609 dissipari

256 2627 479 2708 posse.’
579 2624 801 2705 Neque
846 2624 1081 2704 segnius
1120 2645 1301 2705 quam
1338 2626 1522 2686 locuti
1568 2626 1827 2699 fuerant,
1867 2625 2172 2707 impressio

255 2723 465 2783 facta:
516 2742 715 2803 neque
760 2722 912 2783 alius
957 2742 1138 2803 quam
1191 2723 1403 2783 animis
1444 2732 1872 2805 praeceperunt,
1927 2714 2174 2785 erentus

258 2818 403 2880 suit.

347 2924 447 2977 38.
494 2914 651 2977 Cum
694 2926 892 2977 tamen
936 2936 1133 2999 pugna
1176 2917 1527 2989 traheretur,
1570 2917 2004 2999 trepidantibus
2041 2916 2194 2977 Ro·-

260 3015 481 3086 manis,
502 3022 567 3074 et
591 3016 775 3093 magis
800 3015 1209 3095 desperatione
1236 3015 1418 3094 fugae,
1437 3036 1620 3096 quam
1641 3018 1860 3078 virtute
1875 3036 1948 3077 ac
1967 3017 2176 3077 mbore

262 3110 707 3181 resistentibus3
753 3133 859 3173 rex
888 3112 1265 3193 fugitivorum
1301 3122 1636 3194 opportuna
1674 3114 2004 3193 calliditate
2041 3132 2176 3195 pro-

262 3210 529 3269 nuntiari
551 3230 698 3269 voce
726 3212 1009 3291 praeconis
1023 3211 1228 3290 jubet,
1272 3220 1288 3247 ‘
1312 3231 1387 3270 ne
1412 3212 1547 3290 quis
1572 3211 1682 3272 nisi
1707 3220 1965 3273 armatus
1983 3208 2180 3271 caeda-

264 3307 408 3365 tur)
492 3305 633 3367 Nec
664 3328 829 3367 mora
864 3306 1001 3379 fuit,
1038 3310 1199 3387 quin·
1226 3308 1492 3389 plerique
1530 3309 1708 3370 armis
1730 3308 1986 3389 abjectis
2009 3306 2180 3386 fuge-

264 3413 421 3465 rent.
506 3404 607 3465 Ex
644 3404 737 3465 his
762 3405 955 3465 millia
974 3416 1228 3485 quatuor
1252 3406 1375 3466 vivi
1398 3406 1595 3485 capti:
1639 3406 1799 3467 haud
1825 3405 2022 3491 plures
2045 3424 2181 3465 sex-

267 3501 463 3561 centis
498 3502 819 3575 interfecti,
855 3502 1019 3583 quod
1042 3523 1120 3564 ex
1149 3503 1305 3582 regis
1328 3502 1528 3563 edicto
1552 3504 1840 3585 parcitum
1865 3496 2184 3609 'inermibus

274 3598 499 3658 fuerat.

357 3700 463 3755 39.
507 3694 747 3757 Salvius
778 3697 989 3758 castris
1018 3696 1402 3779 recuperatis,
1438 3696 1884 3779 splendidaeque
1919 3698 2184 3759 victoriae

272 3791 608 3852 commodis
646 3800 711 3852 et
744 3791 909 3853 fama
948 3801 1181 3865 auctus,
1212 3812 1371 3870 cum,
1408 3803 1477 3854 ut
1508 3796 1685 3855 rebus
1715 3792 1988 3855 secundis
2009 3793 2183 3865 solet,

274 3905 529 3965 magnus
553 3887 631 3948 ad
656 3910 793 3950 cum
818 3909 1137 3951 concursus
1162 3888 1351 3963 fieret,
1391 3910 1538 3964 cum,
1567 3892 1960 3952 numerosiore
2006 3910 2188 3971 quam

280 3986 449 4065 prius
467 3987 736 4046 exercitu
758 3986 835 4047 ad
856 3986 1225 4049 obsidionem
1249 3986 1646 4067 Morgantina
1664 3988 1860 4049 rediit.
1923 3987 2191 4049 Defensa

277 4088 481 4141 tamen
502 4083 641 4142 urbs
658 4092 771 4155 est,
798 4085 981 4145 etiam
1000 4102 1305 4147 servorum
1320 4087 1503 4146 enixa
1520 4106 1724 4167 opera,
1747 4106 1896 4167 quos
1915 4106 1954 4145 a
1981 4083 2190 4145 Salvio

278 4177 612 4239 solicitatos
636 4180 943 4262 oppidani,
971 4190 989 4217 ⁶
1010 4191 1079 4243 ut
1103 4183 1301 4264 potius
1320 4202 1359 4243 a
1376 4203 1439 4243 se
1464 4183 1804 4245 libertatem
1831 4184 2188 4262 acciperent,

280 4277 370 4335 ita
400 4273 623 4337 firmius
648 4277 1063 4361 honestiusque
1094 4282 1443 4353 habituros,'
1467 4280 1864 4363 perpulerunt.
1947 4279 2190 4341 Irritam

416 4388 595 4455 napa.
610 4395 661 4441 et
688 4390 805 4443 var.
824 4392 955 4443 σιω.
1300 4394 1491 4447 Lim

2248 4393 2390 4444 uz
