3225 5242
839 545 912 595 m
927 544 1047 595 BR!
1099 544 1298 595 Lxx.
1343 542 1997 599 surranum-{Tuu-

298 686 634 749 resistebat.
719 686 798 749 In
817 687 999 769 hujus
1019 686 1328 749 seditionis
1353 696 1647 759 auctores,
1667 696 1967 771 quotquot
1990 690 2053 750 in
2084 709 2211 749 ma-

299 804 413 845 nns
461 793 770 856 venerunt,
808 786 986 866 jussu
1038 783 1408 868 proconsulis
1457 792 1592 867 post
1618 780 1950 849 'victoriam
2012 806 2215 849 severe

297 882 796 945 animadversum.

2362 532 2544 601 4413

379 986 484 1044 57.
513 980 683 1041 Inter
695 980 848 1052 haec,
869 978 1173 1042 Rutiliani
1186 979 1412 1061 judicii
1429 988 1669 1042 recente
1688 980 1941 1052 invidia,
1960 1000 2097 1041 cum
2114 1000 2210 1041 se-
2235 989 2351 1041 Liv.
2368 991 2503 1059 Epic.

299 1088 478 1139 natus
501 1080 794 1161 equestris
814 1078 1040 1139 ordinis
1063 1098 1308 1157 regnum
1333 1079 1394 1139 in
1407 1076 1661 1158 judiciis
1673 1076 1827 1139 ferre
1848 1098 1963 1139 non
1990 1088 2207 1160 ponet,

297 1174 380 1236 ad
415 1196 477 1237 se
517 1174 836 1237 transferre
857 1174 1178 1255 judicandi
1221 1182 1578 1256 potestatem
1610 1174 1841 1237 nitendi
1876 1174 1975 1235 M.
2003 1174 2211 1237 Livius
2235 1188 2542 1245 monnau.

299 1270 535 1333 Drusus
571 1272 910 1354 adjutorem
943 1292 1008 1333 se
1043 1272 1338 1355 prastitit,
1379 1272 1484 1352 qui
1521 1280 1651 1332 tum
1685 1279 1919 1333 creatus
1942 1272 2213 1337 tribunus

295 1372 494 1455 plebis
517 1370 738 1435 fuerat.
805 1369 932 1431 Sed
957 1368 1064 1431 ille
1087 1368 1331 1431 meliore
1349 1368 1614 1430 fortasis
1640 1370 1839 1430 animo
1858 1389 2042 1451 quam
2066 1390 2213 1449 qon-

289 1470 435 1531 silio
459 1490 620 1542 usus,
645 1490 768 1550 quo
793 1471 1056 1549 majores
1079 1466 1158 1529 ad
1177 1486 1254 1528 ea
1275 1486 1413 1548 quae
1431 1468 1705 1549 parabat,
1722 1468 1839 1529 sibi
1862 1469 2021 1529 vires
2042 1487 2211 1548 quae-
2236 1472 2437 1527 Vellm.
2454 1478 2537 1524 18.

2268 1538 2417 1587 Auet.
2440 1542 2505 1587 de

291 1576 473 1642 reret,
515 1566 596 1628 ad
629 1565 1032 1628 deliniendam
1069 1564 1302 1648 plebem
1343 1565 1606 1645 agrarias
1636 1565 1905 1647 aliasque
1946 1566 2210 1649 promul·
2234 1602 2337 1653 vi,-
2350 1602 2541 1659 Illum.

290 1684 439 1747 gare
489 1664 654 1745 leges
695 1664 898 1747 coepit,
945 1662 1276 1745 pernicioso
1319 1672 1563 1735 eventu,
1609 1656 1851 1745 quando
1898 1672 1963 1725 et
2008 1664 2207 1747 plebe,
2234 1680 2373 1729 Oros.
2392 1698 2442 1729 v.
2461 1686 2542 1731 ιε.

285 1764 590 1844 sociisque
613 1761 952 1834 concitatis,
979 1780 1158 1841 grave
1191 1760 1400 1843 patrioe
1425 1759 1681 1832 bellum,
1706 1770 1771 1821 et
1793 1760 1905 1822 sibi
1932 1762 2207 1823 immatu-
2266 1778 2486 1844 Appium.

287 1880 448 1933 rum,
487 1860 726 1943 suisque
763 1858 1153 1932 ornamentis,
1194 1876 1332 1938 quoe
1369 1857 1665 1941 praeclara
1696 1857 1886 1931 multa
1923 1859 2209 1933 habebat,
2234 1842 2348 1895 Ci'·
2366 1860 2405 1894 ¹·
2426 1847 2473 1895 ¹·

291 1976 534 2041 prorsus
551 1956 860 2037 indignum
879 1956 1108 2017 exitum
1134 1954 1406 2037 peperit.'

377 2062 478 2116 58.
522 2054 664 2115 Jam
688 2054 848 2114 enim
865 2052 946 2114 ad
971 2072 1176 2134 poenas
1200 2060 1294 2113 tot
1321 2050 1619 2132 gentibus,
1646 2072 1769 2133 quo
1776 2052 1940 2130 jure,
1968 2072 2091 2133 qua
2118 2052 2211 2112 in-

275 2153 452 2233 juria
475 2150 790 2233 oppressis,
816 2150 1068 2211 luendas
1087 2152 1140 2189 ¹³
1193 2148 1544 2209 Romanum
1569 2148 1882 2229 imperium
1918 2168 2029 2209 sua
2064 2150 2215 2211 vitia

287 2250 652 2311 trahebant:
697 2257 768 2310 ut
789 2247 998 2308 sociali
1025 2248 1210 2330 prius,
1239 2246 1378 2308 inde
1401 2244 1681 2307 civilibus
1701 2246 1879 2307 bellis
1899 2256 2209 2319 vexatum,

287 2345 586 2431 paulatim
621 2366 696 2407 eo
731 2344 1042 2417 deficeret,
1084 2352 1154 2404 ut
1186 2344 1482 2404 exhausta
1517 2343 1755 2415 civitas,
1792 2363 1929 2423 quae
1959 2363 2209 2404 consan-

286 2446 542 2526 guineos
581 2451 764 2504 antea
802 2440 1056 2523 populos
1097 2438 1456 2511 fastidierat,
1493 2438 1743 2501 advenis
1777 2441 2089 2521 vernisque
2116 2463 2209 2502 re-

285 2540 515 2625 plenda
539 2549 734 2609 esset:
779 2558 971 2620 neque
984 2538 1119 2617 jam
1143 2537 1308 2598 cives
1331 2536 1512 2598 modo
1549 2537 1859 2609 barbaros,
1897 2536 2003 2596 sed
2028 2537 2211 2597 etiam

283 2638 565 2711 dominos
585 2644 910 2719 pateretur.
992 2632 1222 2695 Adhuc
1241 2642 1442 2695 tamen
1468 2653 1584 2694 non
1605 2635 1850 2694 stabant
1864 2632 2044 2694 modo
2071 2632 2211 2694 Ro-

286 2754 488 2796 manae
543 2754 712 2816 opes,
745 2731 850 2793 sed
895 2732 1078 2793 etiam
1123 2731 1548 2791 incrementum
1594 2730 1953 2811 capiebant:
1998 2728 2205 2790 iisdem

283 2832 418 2894 fere
465 2832 570 2913 qui
605 2830 773 2892 domi
812 2828 986 2890 malis
1035 2827 1300 2890 consiliis
1347 2829 1727 2908 moribusque
1774 2826 2207 2909 rempublicam

287 2929 660 3009 affligebant,
681 2927 826 2988 foris
844 2924 1096 2988 eandem
1123 2924 1478 2987 militaribus
1491 2924 1671 2987 factis
1688 2934 1869 3007 atque
1890 2925 2211 3008 disciplina

283 3027 698 3091 fulcientibus.

366 3134 469 3188 59.
513 3124 738 3206 Neque
763 3123 958 3183 minus
987 3121 1150 3181 vitiis
1179 3129 1559 3182 externorum
1583 3141 1808 3201 regum,
1836 3140 2019 3201 quam
2064 3141 2203 3182 suo-

280 3244 418 3285 rum
432 3222 653 3284 civium
671 3218 962 3280 industria
977 3238 1072 3279 res
1091 3216 1372 3278 Romana
1389 3219 1716 3279 crescebat.
1760 3216 1903 3278 Jam
1926 3216 2203 3299 Paphla·-

281 3340 512 3403 gonum
539 3317 1090 3401 Cappadocumque
1129 3334 1336 3393 regua,
1375 3314 1629 3376 alterum
1666 3314 2025 3388 libertatem,
2052 3316 2203 3377 alte-

281 3438 419 3479 rum
443 3436 644 3496 regem
669 3434 708 3475 a
732 3411 1030 3474 Romanis
1064 3412 1152 3472 ita
1186 3404 1523 3493 acceperaf,
1550 3422 1621 3472 ut
1648 3420 1846 3473 tamen
1873 3434 1981 3473 sua
2006 3415 2207 3474 omnia

283 3516 352 3576 iu
378 3520 672 3595 potestate
697 3507 904 3593 populi
932 3507 1200 3569 Romani
1223 3528 1351 3568 esse
1377 3528 1493 3569 non
1516 3508 1881 3569 dubitarent.
1924 3509 2202 3591 Cyrenen
2298 3550 2311 3563 .

281 3612 370 3672 ab
391 3609 753 3691 AEgyptiaco
771 3626 976 3686 regno,
1003 3624 1042 3665 a
1067 3602 1240 3685 Syris
1267 3604 1552 3666 Ciliciam
1589 3605 1972 3666 avulserant:
2014 3606 2204 3685 majo-

262 3728 540 3790 ·rumque
583 3705 724 3767 inde
760 3722 1171 3785 progressuum
1203 3720 1416 3763 causas
1449 3704 1737 3763 continua
1768 3722 1975 3763 eorum
2000 3722 2203 3782 regum

279 3806 454 3867 bella
491 3804 822 3865 struebant.
903 3798 1128 3881 Neque
1167 3797 1426 3859 alienum
1463 3800 1542 3859 ab
1572 3798 1818 3885 historia
1848 3819 1960 3859 sua
1996 3798 2203 3861 Livius

249 3901 258 3907 .
279 3902 676 3973 existimavit,
703 3920 807 3960 eas
827 3898 946 3959 hoc
969 3896 1104 3957 loco
1127 3916 1224 3956 res
1240 3896 1484 3978 exequi,
1509 3916 1647 3977 quae
1670 3895 2113 3976 opulentissimo
2136 3908 2200 3959 et
2223 3911 2334 3965 Liv.
2356 3910 2494 3978 Epit.

281 4003 554 4063 maximo
573 4018 777 4078 regno,
806 3992 1254 4055 Seleucidarum
1277 4003 1622 4055 senescente
1646 3994 1935 4075 potentia,
1965 3992 2195 4054 Roma-
2254 4008 2362 4061 cic.
2378 4012 2433 4060 in

281 4122 398 4164 nos
419 4098 692 4161 dominos
723 4096 1143 4176 imposuerunt.

367 4205 471 4259 60.
514 4195 640 4257 Sed
683 4196 792 4255 hoe
831 4200 1130 4252 tantarum
1165 4209 1359 4280 rerum
1395 4198 1520 4250 tam
1568 4187 1865 4250 notabiles
1896 4188 2197 4260 transitus,

669 4406 736 4453 13
769 4402 976 4453 Deerat
996 4396 1056 4451 τὸ
1075 4400 1268 4452 luenda·
1291 4398 1344 4450 in
1365 4397 1491 4451 edd.
1516 4406 1640 4449 aute
1663 4398 1819 4449 (ἶπον.

2225 4074 2364 4127 verr.
2384 4093 2459 4128 xv.

2225 4143 2307 4191 8⁰.
