3225 5242
723 543 928 595 muru
980 544 1164 593 nxv.
1208 542 1551 595 suenum
1564 542 1828 593 nurum
2228 524 2408 591 4279

170 696 327 759 rant,
352 687 465 748 sub
492 697 725 769 tempus
752 686 939 771 praelii
964 674 1205 749 fratrem
1222 670 1778 749 cum-aeneatoribus
1801 693 1866 747 et
1889 704 2080 768 parva
2139 683 2304 735 Pront.

164 786 441 865 equitum
464 804 641 845 manu
668 805 775 866 per
797 783 1063 845 occultos
1088 784 1351 845 tramites
1376 784 1792 845 circummisit:
1837 792 1904 843 ut
1927 802 2077 865 pug-
2105 764 2173 801 ¹¹⁹
2191 754 2244 800 ⁴⁰

168 901 248 941 na
266 888 485 962 coepta,
506 881 961 942 concinentibus
984 882 1401 952 aeneatoribus,
1418 901 1456 941 a
1480 889 1650 958 tergo
1675 880 1976 941 Thracum
2015 899 2078 939 se

166 977 527 1037 ostenderet.
580 976 766 1037 Idex
794 978 1122 1059 composito
1151 975 1400 1048 factum,
1428 997 1587 1047 cum,
1606 978 1772 1055 jugis
1792 976 2080 1037 montium

166 1074 599 1145 resonantibus,
625 1073 800 1133 simul
825 1084 1177 1155 conspectus
1208 1073 1404 1155 pulvis
1438 1082 1716 1135 terrorem
1747 1072 1947 1152 mag-ni
1973 1070 2079 1133 ad-

165 1169 471 1231 ventantis
494 1170 789 1231 exercitus
812 1169 1079 1241 inferret,
1106 1171 1306 1231 hostes
1330 1170 1391 1230 in
1416 1170 1622 1251 fugam
1646 1168 1956 1251 compulit.

249 1274 357 1329 19.
391 1264 511 1327 Sed
540 1274 739 1326 tamen
782 1266 964 1347 paulo
989 1274 1143 1348 post,
1176 1266 1347 1327 nulla
1370 1267 1432 1329 vi
1459 1267 1790 1337 bominum,
1815 1274 2080 1327 ceterum

166 1372 387 1424 natura
409 1362 543 1423 coeli
568 1371 632 1423 et
655 1361 941 1434 locorum,
960 1361 1269 1423 mediocris
1288 1370 1537 1444 accepta
1548 1354 1754 1423 clades
1769 1370 1894 1431 est;
1939 1360 2080 1421 dum

166 1460 435 1521 victoriae
460 1458 717 1519 fructum
754 1458 987 1520 avidius
1022 1468 1410 1540 prosequente
1446 1459 1819 1541 proconsule,
1857 1478 1932 1547 ηρ
1971 1459 2082 1539 hy-

172 1558 363 1617 berna
381 1556 623 1637 quidem
649 1556 1031 1637 expeditione
1058 1557 1403 1619 abstinetur.
1488 1556 1658 1617 Nam
1681 1564 1818 1638 post
1840 1576 2082 1637 prospe·-

169 1674 301 1715 ram
350 1654 793 1715 dimicationem
839 1655 1063 1725 omnia,
1109 1672 1245 1734 quae
1284 1655 1347 1713 in
1397 1653 1671 1714 citeriore
1717 1652 1919 1713 Hebri
1953 1652 2084 1733 ripa
2107 1662 2234 1715 nor.
2259 1668 2408 1716 m.⁴.

168 1759 368 1822 erant,
395 1750 813 1831 depopulatus,
840 1751 1035 1831 ipsum
1058 1770 1296 1831 quoque
1322 1748 1561 1825 flumen,
1590 1751 1724 1829 jam
1765 1748 1902 1829 gelu
1939 1768 2082 1810 con-

168 1849 462 1920 strictum,
480 1850 724 1909 transire
748 1868 885 1909 cum
904 1850 1169 1909 exercitu
1198 1868 1373 1927 ausus
1390 1856 1500 1911 est.
1548 1848 1648 1909 Ibi
1669 1848 1860 1928 glacie
1885 1858 2082 1931 rupta,

169 1945 337 2006 haud
362 1944 797 2007 contemnenda
822 1965 1033 2005 manus
1056 1945 1313 2007 militum
1342 1946 1578 2006 interiit.

250 2051 360 2105 20.
404 2043 639 2105 Eodem
680 2043 836 2104 antio
875 2053 1081 2104 contra
1107 2043 1423 2103 Lusitanos
1446 2062 1485 2102 a
1511 2040 1764 2103 Servilio
1795 2042 2082 2123 Caepione
2107 2050 2309 2118 Eun-op.

169 2160 449 2222 prospere
480 2138 865 2201 dimicatum:
924 2138 1029 2199 sed
1072 2141 1133 2201 in
1162 2140 1469 2221 Hispania
1510 2140 1784 2200 citeriore
1821 2138 1891 2199 L.
1933 2138 2082 2200 eal-
2139 2149 2249 2199 Cic.
2270 2148 2322 2197 in

168 2240 423 2321 purnius
446 2236 601 2297 Piso
628 2236 971 2297 interfectus
995 2244 1106 2297 est.
1192 2236 1349 2316 Ejus
1385 2234 1630 2297 Pisonis
1655 2234 1904 2295 laudata
1937 2254 2082 2295 con·-
2107 2215 2222 2327 VX'·
2243 2218 2415 2328 ¹i⁷a⁸n²⁵⁰

169 2335 427 2395 tinentia
448 2342 561 2405 est,
589 2341 712 2393 tam
738 2331 1011 2412 religiose
1038 2327 1361 2412 diligentis,
1390 2341 1459 2392 ut
1490 2332 1711 2393 annulo
1736 2333 1888 2392 inter
1911 2351 2082 2391 exer·
2105 2295 2258 2393 bg?
2343 2314 2360 2331 ⁰

169 2430 429 2491 cendum
486 2430 696 2502 hacto,
750 2428 968 2490 artifici
1015 2428 1227 2489 sellam
1280 2428 1581 2490 Cordubae
1634 2430 1694 2488 in
1745 2427 1876 2489 foro
1919 2429 2084 2509 poni,
2109 2408 2216 2460 Cic.

170 2546 443 2608 auroque
482 2526 687 2608 palam
722 2546 1009 2607 appenso,
1048 2526 1436 2607 praesentibus
1486 2526 1760 2585 omnibus
1801 2523 2086 2585 annulum

169 2622 301 2683 fieri
337 2625 605 2703 jusserit.
690 2621 941 2683 Scilicet
981 2642 1119 2683 cum
1164 2622 1235 2683 L.
1263 2622 1525 2683 -Pisonis
1559 2620 1722 2681 filius
1761 2628 1937 2692 esset,
1979 2622 2086 2700 qui

171 2720 402 2801 primus
428 2719 619 2799 legem
638 2718 715 2791 de
736 2718 1079 2800 repetundis
1102 2718 1266 2791 tulit,
1286 2739 1403 2780 non
1430 2717 1607 2778 modo
1633 2719 1854 2779 crimen
1875 2738 1912 2778 a
1932 2734 2084 2786 sese,

169 2836 383 2877 verum
422 2817 603 2877 etiam
644 2816 1039 2897 suspicionem
1078 2834 1311 2875 omnem
1348 2814 1585 2875 amoliri
1621 2814 1838 2876 debere
1877 2812 2085 2873 existi-

172 2913 405 2973 mahat.

250 3014 361 3069 21.
404 3006 565 3069 Cum
600 3008 686 3068 ita
711 3005 857 3069 foris
875 3008 1187 3087 temperati
1212 3006 1485 3067 loetorum
1511 3006 1888 3086 tristiumque
1905 3028 2085 3069 even-

170 3114 267 3165 tus
301 3113 525 3176 essent,
548 3113 617 3164 ut
649 3104 825 3185 plura
848 3115 1049 3165 tamen
1073 3124 1355 3185 prospera
1372 3102 1804 3173 nuntiarentur,
1833 3104 2000 3179 (nam
2025 3115 2088 3166 et

170 3202 229 3261 in
258 3201 542 3262 ulteriore
568 3199 873 3281 Hispania
899 3200 1214 3261 Lusitanos
1236 3199 1529 3261 Servilius
1548 3198 1760 3280 Caepio
1782 3200 2086 3281 viceram)
2111 3203 2314 3271 Eutrop.

170 3296 401 3358 Romae
444 3298 704 3359 censoris
744 3306 925 3377 atque
966 3281 1359 3358 tribunorum⁰
1376 3295 1570 3377 plebis
1609 3295 2088 3357 contentionibus

171 3394 449 3475 inquieta
476 3414 613 3474 pars
638 3394 777 3453 anni
802 3391 936 3455 fuit.
1019 3392 1114 3454 M.
1142 3392 1423 3453 AEmilius
1450 3392 1730 3463 Scaurus,
1753 3411 1891 3452 cum
1925 3412 2084 3455 mor·
2108 3402 2242 3453 Fasti
2253 3402 2420 3467 capit.

170 3498 313 3551 tuus
356 3491 420 3551 iu
456 3489 805 3569 magistratu
843 3489 1080 3568 collega
1120 3489 1215 3551 Μ.
1249 3488 1455 3549 Livius
1488 3488 1724 3549 Drusus
1763 3468 2413 3586 abdicandi'Rzssfcffiudo

173 3588 589 3649 necessitatem
616 3587 965 3667 imponeret,
990 3593 1203 3647 contra
1220 3605 1411 3647 mores
1434 3586 1842 3665 magistratum
1871 3586 2084 3647 retine-

171 3684 299 3745 bat.
362 3682 513 3744 -Sed
554 3682 633 3743 ad
674 3691 1007 3745 extremum
1043 3683 1293 3743 tribunis
1332 3702 1632 3743 carcerem
1673 3682 2087 3745 minitantibus

172 3783 376 3843 cessit.
444 3780 692 3841 AEmilia
715 3790 913 3841 tamen
933 3780 1035 3841 via
1058 3798 1325 3840 censurae
1350 3778 1481 3859 ejus
1506 3785 1946 3838 monumentum
1969 3786 2083 3849 est,
2142 3790 2294 3843 Auci.
2313 3794 2378 3843 de

174 3886 235 3938 et
254 3897 410 3959 pons
436 3877 725 3939 Mulvius.
808 3876 1071 3937 Pontem
1093 3874 1417 3946 Mulvium,
1446 3874 1607 3954 quod
1635 3874 1936 3954 antiquior
1955 3876 2087 3954 ejus
2109 3856 2423 3973 vffmffilffir‘

174 3975 463 4034 memoria
482 3982 591 4045 est,
622 3973 907 4035 refectum
934 3992 973 4032 a
1000 3971 1247 4043 Scauro,
1275 3990 1456 4052 quam
1482 3969 1731 4041 factum,
1757 3971 1954 4029 verius
1979 3990 2086 4052 ap·
2112 4001 2294 4035 xxvn.
2316 3994 2368 4040 o.

174 4078 368 4149 paret.
452 4068 639 4129 Viam
675 4048 905 4151 primus
922 4070 1175 4129 stravit:
1219 4087 1471 4148 eamque
1496 4088 1603 4149 per
1630 4065 1834 4139 Pisas,
1871 4073 1938 4127 et
1962 4066 2084 4126 Lu-
2114 4051 2293 4165 1131‘1.
2311 4118 2396 4169 ⁶1.

174 4185 339 4239 nam,
368 4174 435 4225 et
470 4162 763 4226 Sabbatia
795 4164 956 4227 vada
992 4162 1364 4225 Derthonam
1397 4164 1718 4279 perduxit:
1761 4183 1924 4235 nam,
1950 4182 2088 4244 quae
2113 4180 2305 4309 ἑξῗξ,
2328 4196 2382 4232 v.

236 4328 261 4363 δ
297 4328 499 4379 Nemee
518 4330 571 4393 in„
594 4330 821 4381 numm
845 4330 923 4380 H·
1038 4332 1089 4379 ia
1173 4330 1411 4395 Hocjam
1430 4346 1476 4379 c.
1494 4330 1817 4395 precedenti
1836 4343 2088 4381 memora·
2145 4308 2252 4359 1³*-

174 4392 868 4460 Mmsmiliucoepio
925 4396 937 4407 ‘
962 4396 1092 4459 erat]
1146 4406 1153 4415 “
1174 4402 1285 4447 tum
1304 4396 1492 4448 fuerat.
1528 4398 1668 4445 Creo.
2113 4388 2309 4425 ¹¹¹⁸·
2335 4376 2369 4424 2
