3225 5242
763 546 942 615 4298
1726 566 1795 613 r.
1844 564 2033 615 mvn

1087 709 1204 771 suli
1239 708 1482 781 faceret,
1520 727 1699 789 quem
1740 707 1898 770 baud
1932 707 2303 771 mediocriter
2336 706 2585 778 oderat:
2628 706 2737 769 sed
2764 709 2985 771 astutia

1087 806 1372 888 quadam,
1397 815 1467 866 ut
1493 806 1717 866 irritum
1737 807 1869 885 ejus
1892 805 2217 887 inceptum,
2242 815 2347 865 aut
2370 806 2495 887 ipse
2512 804 2737 887 populo
2762 805 2983 867 invisus

1087 900 1276 974 fieret,
1319 903 1424 983 qui
1472 910 1715 981 gravate
1758 921 1975 962 novum
2008 902 2306 963 delectum
2342 922 2613 984 passurus
2650 900 2983 963 videbatur.

1088 998 1212 1060 Sed
1238 1001 1368 1060 hoec
1392 998 1731 1080 expectatio
1757 997 1973 1059 frustra
2004 997 2138 1059 fuit.
2221 998 2392 1059 Nam
2429 998 2664 1059 Marius
2702 1000 2983 1062 concione

1085 1095 1406 1168 advocata,
1449 1095 1571 1155 suis
1620 1095 1795 1155 rebus
1840 1094 2201 1156 extollendis
2246 1095 2333 1156 ita
2366 1094 2645 1156 accendit
2684 1094 2983 1155 bominum

1083 1194 1302 1265 studia,
1329 1202 1397 1255 ut
1421 1214 1600 1275 supra
1638 1193 1942 1253 decretum
1980 1212 2287 1254 numerum
2315 1193 2495 1253 etiam
2522 1192 2839 1255 voluntarii
2876 1211 2982 1252 au-

1085 1291 1276 1371 spicia
1295 1293 1427 1371 ejus
1451 1299 1852 1371 sequerentur.
1902 1288 2031 1349 Illa
2048 1290 2317 1370 inprimis
2334 1288 2601 1350 oratione
2624 1309 2981 1373 magnopere

777 1389 911 1443 Plut.
929 1390 1064 1445 Μαι.
1085 1386 1460 1448 nobilitatem
1487 1387 1819 1465 exagitasse
1855 1384 2098 1458 dicitur,
2124 1386 2333 1447 solitus
2354 1393 2420 1446 et
2444 1394 2623 1447 antea
2645 1406 2751 1467 per
2776 1406 2983 1467 quam·

760 1471 805 1505 ⁰⁰
831 1460 911 1506 ¹¹⁰
1085 1484 1237 1544 libet
1257 1484 1628 1545 occasionem
1654 1481 1921 1563 superbis
1938 1490 2003 1541 et
2023 1480 2460 1543 contumeliosis
2483 1480 2661 1543 dictis
2678 1482 2982 1543 incessere.

1085 1578 1256 1641 Nam
1293 1589 1358 1640 et
1396 1586 1413 1615 ‘
1435 1578 1809 1640 consulatum
1842 1597 1922 1638 ex
1934 1578 2123 1639 ·victis
2146 1577 2267 1639 illis
2288 1576 2483 1661 spolia
2506 1579 2729 1659 cepisse
2750 1579 2780 1615 ’-
2806 1578 2983 1640 dicti-

1083 1677 1274 1749 tabat,
1317 1684 1336 1713 ⁶
1359 1696 1477 1737 non
1507 1676 1709 1736 aliena
1732 1673 1919 1747 facta,
1960 1684 2025 1734 et
2056 1683 2421 1735 mortuorum
2458 1673 2681 1748 titulos,
2708 1674 2813 1735 sed
2846 1696 2983 1738 suos

754 1768 869 1819 8²¹¹·
1083 1772 1338 1844 labores,
1363 1792 1501 1833 suas
1519 1772 1829 1833 cicatrices
1854 1770 2219 1853 praeferendo
2240 1772 2279 1831 ε’
2319 1770 2739 1851 quaerebatque
2762 1792 2843 1833 ex
2867 1774 2981 1833 cir--¹

1079 1870 1531 1941 cumstantibus,
1572 1876 1591 1905 ⁶
1614 1869 1663 1928 si
1710 1870 1965 1948 majores
1990 1866 2207 1929 Albini
2246 1877 2354 1927 aut
2374 1866 2598 1928 Bestiae
2632 1868 2981 1950 respondere

1081 1974 1340 2047 possent,
1377 1974 1648 2026 utrumne
1684 1964 1942 2038 illorum,
1969 1984 2043 2025 an
2076 1964 2263 2025 Marii
2286 1962 2505 2024 similes
2526 1972 2789 2045 posteros
2810 1974 2981 2045 opta-

753 2071 882 2122 Plut.
1080 2064 1198 2123 turi
1247 2064 1586 2124 viderentur
1604 2063 1651 2121 ’.Ρ
1731 2059 1918 2128 Quod
1964 2080 2083 2121 non
2130 2060 2317 2139 inagis
2348 2062 2725 2121 contumacia
2762 2061 2981 2141 ingenii

1079 2157 1416 2231 factitabat,
1443 2180 1627 2240 quam
1653 2168 1719 2220 ut
1748 2158 1913 2240 plebi
1936 2180 1999 2219 se
2024 2158 2217 2229 daret,
2242 2178 2377 2238 quae
2402 2158 2515 2218 hac
2544 2157 2789 2220 licentia
2812 2159 2977 2220 nobi-

1078 2253 1266 2317 litatis
1293 2256 1689 2336 arrogantiam
1716 2254 1857 2315 laeta
1879 2254 2207 2335 labemque
2232 2254 2593 2315 vindicabat.

1157 2360 1220 2414 9.
1263 2352 1486 2434 Neque
1506 2374 1580 2413 eo
1603 2352 1839 2431 segnius
1864 2371 2072 2432 parare
2097 2358 2482 2423 commeatuS,
2507 2370 2751 2411 onerare
2776 2370 2977 2425 naves,

752 2453 870 2504 Sall.
1075 2450 1392 2531 stipendia,
1415 2468 1601 2519 arma,
1629 2458 1829 2509 cetera
1851 2440 2015 2508 bello
2039 2446 2212 2508 utilia
2234 2467 2375 2509 cum
2402 2446 2601 2526 legato
2626 2446 2714 2507 A.
2744 2447 2978 2509 Manlio

787 2552 922 2602 Ριῑιι.
988 2540 994 2544 ’
1074 2548 1352 2625 praetorio
1389 2546 1518 2607 viro
1559 2545 1623 2605 in
1656 2543 1929 2605 Africam
1960 2545 2233 2605 mittere:
2277 2544 2403 2625 ipso
2447 2543 2669 2604 milites
2700 2544 2973 2615 scribere,

753 2622 1054 2731 ἒζιῗᾞιᾈξι·
1077 2662 1194 2702 non
1221 2662 1300 2701 ex
1341 2641 1630 2701 classibus
1654 2650 1717 2701 et
1742 2660 1901 2701 more
1930 2641 2243 2720 majorum,
2270 2638 2377 2700 sed
2400 2640 2600 2721 capite
2624 2660 2829 2701 censos
2854 2640 2975 2723 ple-

753 2714 959 2811 Dioiays.
1003 2716 1019 2731 ’
1075 2758 1308 2817 rosque.
1393 2736 1580 2805 Quod
1605 2758 1789 2816 genus
1814 2737 2047 2817 antiqui
2072 2735 2257 2797 duces
2292 2744 2656 2817 spreverant,
2682 2734 2973 2807 militiam,

753 2816 1036 2924 'aphn-
1075 2844 1144 2895 ut
1183 2834 1334 2896 alios
1363 2834 1635 2904 honores,
1677 2854 1794 2893 non
1834 2833 2083 2894 cuilibet
2106 2832 2591 2895 committendam
2615 2834 2751 2905 rati,
2774 2832 2879 2894 sed
2906 2836 2975 2894 iis

749 2909 923 3053 perse.
951 2946 1032 2992 11.
1076 2932 1180 3011 qui
1225 2951 1347 2991 rem
1387 2931 1695 3001 habentes,
1740 2950 1873 2989 eam
1909 2930 2170 3009 acceptis
2212 2930 2389 2991 armis
2428 2938 2713 3011 tanquam
2747 2930 2973 3010 pignori

783 3004 894 3119 {ffi-
915 3068 1054 3120 Mu·
1075 3048 1372 3109 opponere
1406 3027 1763 3089 viderentur.
1847 3025 1925 3089 Id
1971 3026 2154 3087 Marii
2194 3025 2421 3087 factum
2454 3025 2971 3113 diversimodepc-

755 3148 817 3181 ιι.
842 3138 892 3183 3.
1075 3134 1312 3207 ceptum
1356 3133 1468 3196 est,
1509 3122 1863 3205 quibusdam
1907 3125 2155 3205 penuria
2187 3124 2435 3185 aliorum
2478 3124 2729 3184 militum
2767 3122 2971 3186 feciaee

753 3196 866 3312 ¹³31·-
875 3197 1006 3313 {⁴3³}
1075 3222 1611 3303 interpretantibus,
1640 3221 1795 3292 aliis,
1826 3230 1893 3280 ut
1916 3241 1980 3280 se
2008 3221 2105 3281 isti
2127 3222 2427 3282 hominum
2446 3222 2665 3301 generi,
2688 3242 2795 3303 per
2814 3223 2971 3303 quod

829 3326 864 3378 1.
1222 3320 1235 3333 .
1644 3363 1661 3388 '
1851 3318 1863 3330 .
2026 3362 2041 3378 ο
2690 3318 2703 3331 .
2926 3320 2971 3367 .-

748 3325 983 3508 {fglgfp-
1075 3316 2973 3497 335,'323532‘3305:333?ssOEijssssffuzffmpsztffltle

1074 3514 1333 3572 maxime
1361 3511 1625 3573 studeret
1648 3510 1935 3572 extollere
1958 3532 1976 3579 ;
2019 3504 2082 3571 se
2108 3531 2346 3592 quoque
2363 3514 2523 3592 jocis
2545 3511 2845 3573 dicacium
2866 3515 2970 3575 ob-

1073 3611 1318 3670 noxium
1355 3608 1476 3669 fore
1517 3617 1755 3690 putans,
1783 3609 1833 3668 si
1866 3606 2189 3668 conditioni
2225 3616 2287 3668 et
2312 3608 2585 3681 fortunae,
2610 3610 2709 3669 cui
2736 3610 2970 3691 propin-

1071 3726 1225 3787 quus
1249 3706 1373 3787 ipse
1399 3704 1630 3775 fuisset,
1647 3705 1753 3783 jus
1776 3704 2071 3765 militandi
2098 3713 2430 3783 negaretur.
2514 3704 2600 3765 Et
2622 3725 2763 3765 sane
2791 3708 2971 3767 virtus

1071 3824 1152 3863 ex
1187 3824 1370 3864 censu
1407 3823 1525 3862 non
1559 3802 1759 3863 venit:
1806 3801 1983 3862 modo
2022 3803 2172 3863 vires
2211 3802 2555 3883 animusque
2584 3810 2887 3883 suppetat,
2912 3812 2973 3864 et

1073 3900 1404 3981 disciplinoe
1430 3919 1627 3979 capax
1655 3896 1899 3959 indoles.

748 4005 868 4055 Sall.
1153 4004 1254 4057 10.
1299 3996 1453 4055 Cum
1495 3996 1586 4054 his
1621 3994 1808 4075 copiis
1851 3992 2097 4055 Uticam
2137 3994 2341 4075 paucis
2382 3994 2594 4054 diebus
2639 4004 2968 4075 pervectus,

775 4103 910 4156 Plut.
930 4112 981 4155 et
1070 4095 1416 4162 exercitum,
1456 4091 1538 4151 P.
1576 4090 1815 4150 Rutilio
1852 4088 2049 4169 legato
2088 4089 2329 4150 Metelli
2368 4090 2661 4162 tradente,
2700 4094 2965 4174 accepit:

747 4168 867 4218 3⁸¹¹·
903 4222 910 4227 ·
1070 4190 1212 4269 quia
1241 4186 1524 4248 Metellus
1556 4195 1936 4267 conspectum
1978 4186 2199 4246 inimici
2240 4186 2533 4264 fugiebat,
2558 4188 2731 4265 cujus
2754 4190 2969 4249 astutia

1071 4306 1186 4345 non
1210 4294 1474 4366 ereptam
1504 4284 1683 4343 modo
1708 4284 1819 4343 sibi
1847 4284 2230 4363 provinciam,
2254 4283 2357 4343 sed
2376 4284 2558 4344 etiam
2578 4282 2817 4364 plebem
2832 4284 2962 4345 Bo·

1071 4402 1304 4443 manam
1329 4382 1649 4442 alienatam
1673 4400 1796 4441 esse
1824 4382 2077 4442 rebatur.
2124 4378 2247 4439 Sed
2272 4380 2386 4440 hoc
2413 4380 2675 4461 quidem,
2704 4378 2963 4442 Romam
