3225 5242
878 583 1087 634 mnm
1140 585 1322 634 ινιι.
1366 585 1455 634 su
1470 585 1712 664 ernam
1727 582 2014 634 surum.
2375 563 2550 635 ⁴091

327 726 703 788 contentione
746 724 1037 799 Rutilius,
1078 735 1363 808 tanquam
1408 729 1710 810 presentis
1745 727 1936 798 exitii,
1981 725 2233 788 vitnbst.
2293 757 2301 766 ·

326 822 453 884 Sed
480 823 705 884 immoti
726 825 962 904 equites
986 843 1025 884 a
1048 824 1329 885 velitibus
1356 824 1652 905 Hispanis
1675 826 1912 906 impune
1937 823 2234 886 vdua-ari

326 927 641 1002 poterant:
684 940 875 1000 neque
912 920 1017 980 diu
1060 921 1423 992 roetitissent,
1456 921 1567 981 nisi
1590 920 2026 1000 diligenti-imi
2047 919 2234 1002 impe·

326 1018 536 1078 rator-is
574 1017 943 1099 providentia
970 1017 1216 1078 fiiissent
1238 1019 1446 1100 erepti.
1528 1018 1777 1100 Quippe
1803 1017 2034 1100 Scipio,
2057 1017 2232 1078 simul

324 1123 507 1198 atque
532 1113 835 1176 Rutilium
862 1115 1097 1194 longius
1126 1117 1297 1196 justo
1322 1125 1664 1197 provectum
1688 1115 1956 1188 vidisset,
1983 1114 2046 1177 id
2071 1113 2234 1196 quod

324 1221 455 1272 erat
491 1213 847 1294 suspicatus,
886 1209 1197 1274 confestim
1228 1207 1395 1294 sequi
1432 1212 1785 1274 instituerat·
1867 1212 2026 1274 Viso
2059 1211 2236 1292 igitur

266 1311 271 1316 ’
320 1310 597 1389 praesenti
632 1319 787 1370 statu
830 1329 1045 1382 rerum,
1086 1310 1367 1392 bipartito
1400 1309 1604 1372 divisis
1627 1309 1947 1391 equitibus,
1975 1307 2232 1370 alterna-

322 1409 431 1467 tim
456 1427 821 1488 procurrere,
846 1416 912 1468 et
934 1407 1245 1471 confertim
1269 1407 1393 1470 tela
1414 1409 1734 1489 conjicere,
1758 1405 1974 1469 deindo
1995 1427 2062 1469 se
2085 1410 2232 1470 mci-

320 1521 461 1587 pere
490 1506 694 1586 jubet,
730 1525 846 1565 non
882 1505 1135 1566 eundem
1174 1505 1234 1566 in
1273 1505 1469 1568 locum
1496 1506 1656 1567 uude
1683 1503 2102 1588 pronpinent,
2127 1505 2232 1566 sed

322 1603 629 1684 aliquanto
650 1621 851 1664 versus
870 1621 1153 1684 campum
1172 1602 1425 1683 longius.
1508 1603 1613 1666 Ita
1635 1623 1772 1666 cum
1793 1621 2020 1686 semper
2043 1603 2234 1664 altera

322 1721 459 1782 pars
480 1708 875 1762 summoveret
897 1702 1150 1773 hostem,
1177 1702 1367 1763 altera
1384 1709 1539 1763 retro
1564 1701 1786 1782 legeret
1808 1703 1991 1773 viam,
2009 1701 2234 1764 evolvit

321 1817 385 1858 se
418 1797 687 1860 locorum
728 1797 1197 1872 difficultatibus,
1234 1800 1597 1882 planitieque
1633 1798 2231 1882 recuperata'incolu-

324 1915 447 1955 mes
470 1916 609 1956 suos
632 1893 905 1957 abduxit.

320 2017 329 2026 ·
401 2001 509 2054 15.
542 1993 819 2054 Moventi
842 1993 1057 2056 deinde
1080 2003 1297 2068 castra,
1322 2013 1457 2056 cum
1478 1995 1554 2055 sd
1583 1995 1804 2056 vadum
1829 1995 2040 2065 amnis,
2055 2011 2234 2074 quem

320 2091 668 2152 nansiturus
692 2089 1027 2163 videbatur,
1054 2101 1373 2175 expectare
1398 2113 1535 2154 eum
1560 2092 1801 2153 hostiles
1823 2091 2048 2153 insidiae
2067 2091 2232 2152 dice-

320 2199 521 2250 rentur
542 2209 560 2258 3
604 2188 813 2249 nolens
836 2191 899 2250 in
925 2189 1155 2252 difficili
1182 2200 1246 2251 et
1268 2209 1503 2252 coenoso
1526 2192 1782 2271 trajectu
1808 2209 1942 2250 cum
1967 2189 2232 2250 hostibus

318 2286 661 2368 confligere,
704 2285 876 2349 flexit
916 2289 1049 2360 iter,
1084 2297 1149 2349 et
1189 2288 1453 2368 longiore
1495 2291 1620 2361 via,
1661 2291 1970 2368 minusque
2009 2287 2234 2349 insidiis

317 2385 669 2466 opportuno,
714 2385 1013 2446 nocturnis
1056 2385 1365 2447 itineribus
1410 2393 1704 2465 regressus
1745 2369 1854 2446 est.
1957 2381 2233 2464 Urgebnt

318 2481 477 2541 enim
508 2489 685 2541 aestus
712 2489 777 2542 et
800 2501 1095 2564 ¹equarum
1128 2481 1393 2564 penuria,
1420 2483 1519 2543 cui
1544 2489 1613 2542 ut
1635 2482 2060 2553 subveniretur,
2092 2501 2226 2563 pus·

318 2578 431 2637 sim
470 2574 597 2638 fodi
636 2586 849 2658 puteos
890 2579 1223 2660 imperavit,
1273 2579 1332 2638 in
1380 2578 1595 2660 quibus
1636 2597 1839 2638 amara
1881 2575 2226 2660 plerumque

321 2693 479 2754 aqua
512 2683 766 2756 reperta.
864 2675 1073 2742 Quare
1112 2695 1329 2755 magno
1364 2693 1501 2736 cum
1542 2673 1746 2736 labore
1785 2675 2032 2735 servatis
2069 2672 2224 2733 mili-

316 2770 499 2842 tibus,
538 2791 820 2850 equorum
862 2779 1062 2832 tamen
1106 2771 1471 2854 aliorumque
1505 2775 1911 2852 jumentorum
1955 2789 2092 2851 pars
2135 2771 2222 2830 in-

318 2866 497 2928 teriit.
1422 2877 1431 2884 ’

396 2969 497 3024 16.
544 2959 715 3024 Hinc
756 2963 833 3024 ad
862 2963 1252 3027 Caucaeorum
1276 2963 1427 3026 fines
1450 2974 1813 3047 perventum.
1899 2960 2052 3033 Hic,
2079 2963 2222 3042 quia

317 3057 699 3140 profugerant
720 3060 949 3132 ineolae,
991 3061 1230 3123 Luculli
1261 3081 1571 3131 memores,
1607 3081 1648 3120 a
1681 3079 1800 3139 quo
1822 3059 2059 3140 decepti
2085 3078 2218 3119 vas-
2259 3051 2264 3058 ’

314 3155 543 3236 tatique
581 3154 839 3229 fuerant,
883 3157 1312 3238 proclamatum
1351 3168 1463 3228 est,
1512 3166 1530 3194 ⁸
1556 3157 1846 3217 Caucaeos
1883 3155 2098 3217 reverti
2139 3153 2220 3214 ad

312 3272 443 3324 sua,
470 3250 591 3313 fide
619 3251 937 3335 Scipionis,
961 3254 1174 3336 posse!
1252 3253 1513 3316 Transiit
1546 3251 1765 3314 deinde
1799 3251 1860 3311 in
1889 3249 2220 3312 Numanti·

314 3368 523 3409 uorum
558 3347 734 3420 fines,
776 3357 843 3409 ut
880 3369 984 3410 eos
1024 3352 1389 3432 potissimum
1421 3348 1703 3432 hybernis
1727 3356 2054 3431 premeret..
2117 3346 2220 3409 Ibi
2243 3352 2457 3431 Ven311.
2473 3359 2526 3407 ο.

311 3444 611 3524 Jugurtha
651 3445 731 3506 ad
773 3463 908 3506 eum
949 3447 1116 3506 venit
1160 3447 1492 3508 Masinissae
1534 3467 1738 3529 nepos,
1773 3465 1950 3526 quem
1989 3445 2220 3507 auxilio
2243 3420 2510 3536 Asffiffih,

310 3539 583 3624 Scipioni
622 3561 759 3602 cum
800 3541 1118 3603 duodecim
1159 3542 1513 3626 elephantis,
1549 3551 1615 3604 et
1647 3542 1985 3605 contributo
2007 3543 2103 3603 his
2123 3563 2216 3604 sa-
2242 3550 2402 3616 guttb.
2423 3565 2470 3602 c.
2491 3553 2543 3601 7.

308 3639 681 3716 gittariorum
704 3648 768 3699 et
790 3637 1151 3700 funditorum
1178 3659 1440 3713 numero,
1481 3641 1742 3723 Micipsa
1783 3640 2056 3702 miserat:
2099 3660 2216 3702 uon

310 3733 517 3796 honori
542 3737 674 3815 ejus
691 3734 952 3809 studens,
973 3735 1079 3797 sed
1100 3745 1167 3796 ut
1192 3757 1429 3816 gravem
1451 3739 1614 3799 aetati
1639 3759 1762 3805 suae
1786 3739 2216 3817 liberorumque

300 3831 608 3910 juvenem,
660 3833 991 3913 asperrimis
1040 3832 1307 3894 hostibus
1350 3835 1677 3914 objectum,
1729 3837 1880 3897 citra
1930 3833 2215 3895 invidiam

309 3943 473 3986 suam
514 3928 957 4010 periculumque
998 3930 1352 3991 amoliretur.
1433 3929 1559 3992 'Sed
1584 3933 1645 3992 id
1670 3931 1978 3994 consilium
2002 3931 2126 3990 seni
2153 3929 2212 3990 in

311 4025 663 4084 contrarium
700 4027 915 4086 vertit:
958 4035 1021 4086 et
1062 4025 1380 4106 Jugurtha,
1432 4028 1680 4090 consilio
1726 4047 2021 4108 manuque
2063 4033 2212 4087 stre-

312 4139 483 4192 nuus,
504 4117 1079 4202 brevi‘permagnam
1102 4124 1341 4186 virtutis
1361 4125 1697 4206 opinionem
1731 4125 1844 4186 sibi
1871 4123 2120 4206 peperit,
2149 4131 2214 4184 et

313 4220 389 4278 ab
412 4221 763 4302 imperatore
788 4221 991 4282 multis
1012 4222 1329 4284 honoribus
1346 4224 1595 4286 affectus
1616 4233 1725 4286 est.

390 4323 489 4380 17.
538 4317 703 4378 Mira
738 4318 897 4378 enim
939 4320 1305 4380 humanitate
1330 4321 1487 4382 viros
1518 4321 1624 4382 ille
1651 4321 1832 4382 fortes
1853 4319 2208 4402 complecte-

317 4410 518 4474 batur:
562 4423 644 4488 et,
688 4425 864 4498 prout
903 4423 1133 4498 tempus
1171 4425 1275 4478 aut
1313 4419 1548 4480 occasio
1585 4428 1736 4492 erat,
1767 4417 1946 4482 modo
1973 4413 2207 4478 munifi-
