3225 5242
784 574 994 626 unm
1044 574 1242 624 nxn.
1285 572 1939 645 surrentum-un.
2304 558 2483 627 422⁸

249 726 366 778 ms.
449 716 816 797 Quanquam
853 717 1014 778 enim
1052 663 1312 776 honesta
1350 713 1663 776 blanditia
1702 723 1767 777 et
1808 714 2159 797 tempestiva

249 816 624 875 hortamenta
665 812 980 895 plurimum
1023 811 1184 894 apud
1226 812 1492 892 egregios
1528 811 1754 884 valent,
1802 812 2160 893 potentiores

249 918 452 971 tamen
477 909 702 971 stimuli
729 928 768 970 a
787 908 1062 991 periculis
1085 918 1148 969 et
1169 916 1332 969 metu
1357 906 1733 969 adhibentur.

331 1014 436 1067 ³8.
479 1006 746 1067 Puerum
777 1006 998 1078 adhue,
1035 1025 1174 1065 nam
1204 1013 1434 1087 patrem
1470 1014 1645 1065 natus
1670 1024 1858 1065 annos
1882 1003 2157 1065 undecim
2179 1014 2369 1145 Ῥεῖ-ἒξ.
2390 1030 2449 1069 x.

249 1102 550 1175 amiserat,
575 1122 734 1182 equo
765 1102 894 1163 fero
929 1102 1260 1183 impositum
1295 1103 1558 1162 exerceri
1578 1099 1911 1181 jaculando
1944 1107 2157 1180 00380·
2180 1145 2365 1196 sustin

247 1208 428 1259 runt:
471 1201 558 1260 ita
589 1198 890 1271 effectum,
919 1206 990 1259 ut
1021 1198 1352 1279 quamlibet
1383 1194 1612 1258 seroces
1644 1218 1829 1277 equos
1850 1196 2073 1258 viribus
2095 1207 2158 1259 et

249 1296 466 1377 peritia
487 1294 776 1356 domaret.
857 1294 1114 1357 Veneno
1134 1294 1386 1374 aggressi
1405 1304 1544 1354 sunt
1560 1293 1803 1355 tollere:
1834 1293 2158 1375 adegerunt

245 1412 370 1453 non
407 1392 486 1453 ad
519 1392 804 1461 sumenda
827 1401 1078 1463 tantum,
1115 1390 1222 1451 sed
1245 1391 1426 1451 etiam
1449 1388 1849 1501 excogitanda
1872 1390 2153 1463 remedia,
2180 1378 2345 1491 ¹P¹²¹²⁰

245 1489 464 1568 quibus
515 1488 801 1561 firmatuS,
850 1497 979 1549 tum
1027 1508 1266 1599 quoque
1307 1508 1445 1549 eum
1483 1488 1635 1547 mori
1677 1506 1906 1548 veneno
1948 1488 2153 1561 vellet,
2180 1458 2277 1560 ’,Α
2222 1450 2435 1561 ωόξιί

245 1605 366 1646 non
393 1587 624 1667 potuit:
671 1606 808 1668 quae
837 1586 1034 1647 adhue
1071 1586 1252 1667 ipsius
1285 1586 1520 1645 nomine
1555 1586 1957 1665 memoriaque
1997 1585 2156 1646 eele—
2184 1589 2324 1685 ¹SQ¹¹⁰
2310 1578 2428 1625 ··¹⁶

246 1683 520 1744 bantur·
1822 1718 1831 1727 ·
2180 1654 2421 1755 Ssmrgbn.
2434 1718 2482 1755 e.

327 1786 440 1841 89.
481 1780 662 1842 Ferro
711 1780 992 1842 mandare
1039 1781 1234 1842 seelus
1285 1782 1701 1843 instituerunt.
1755 1779 2161 1839 necessitatem
2180 1770 2333 1881 ⁶311„

245 1879 659 1958 imposuerunt
696 1877 1138 1939 adolescentulo
1173 1898 1292 1939 non
1315 1881 1545 1939 urbana
1569 1884 1821 1947 tantum,
1847 1876 1953 1937 sed
1976 1877 2158 1936 etiam
2182 1899 2233 1947 ς
2349 1846 2483 1885 ¹¹⁷'

247 1974 474 2035 rustica
495 1984 657 2036 tecta
681 1975 930 2037 vitandi.
1014 1974 1292 2055 Vagatus
1315 1995 1422 2057 per
1443 1974 1651 2055 sylvas
1672 1982 1735 2033 et
1758 1982 1987 2034 montes
2002 1991 2159 2053 saepe
2181 1958 2361 2011 31111111·
2469 1957 2477 1966 ’

247 2072 528 2133 mutabat
551 2073 798 2144 cubilia,
825 2074 1042 2152 ignaris
1059 2073 1332 2133 omnibus
1355 2072 1460 2133 ubi
1485 2078 1877 2181 pernoctaret.
1922 2069 2163 2136 Quibus
2217 2073 2429 2151 Appias.

244 2170 560 2231 laboribus
593 2190 710 2231 non
747 2170 926 2232 modo
969 2168 1318 2231 admirabile
1353 2168 1612 2250 eorporis
1650 2168 1949 2246 animique
1984 2165 2161 2225 robur
2180 2138 2334 2254 ξιξ·
2365 2156 2419 2205 Ρ·

245 2270 640 2347 comparavit,
682 2267 843 2349 quod
887 2288 962 2328 ne
1007 2286 1206 2327 senem
1245 2266 1490 2347 quidem
1529 2263 1791 2345 reliquit,
1831 2261 1937 2323 sed
1976 2262 2159 2321 etiam
2213 2266 2345 2319 Plin.
2367 2284 2421 2319 vt
2426 2284 2467 2319 x.

244 2362 638 2444 plurimarum
663 2366 992 2445 linguarum
1016 2364 1440 2443 cognitionem,
1479 2382 1603 2423 rem
1626 2360 1867 2422 minime
1894 2357 2159 2419 inutilem
2182 2334 2267 2447 ξι·
2250 2342 2339 2387 “²
2355 2348 2488 2386 η’·

245 2459 590 2541 imperanti,
624 2462 873 2542 adeptus
904 2469 1028 2521 est:
1071 2470 1138 2521 ut
1173 2459 1252 2519 ad
1291 2461 1420 2520 hoec
1450 2466 1719 2538 tempora
1752 2454 1911 2515 solus
1938 2462 2157 2515 morta-

244 2557 402 2617 lium
443 2566 706 2639 repertus
737 2560 836 2630 sit,
865 2559 972 2639 qui
1013 2557 1242 2637 linguas
1269 2568 1448 2637 supra
1479 2554 1693 2633 viginti
1716 2550 1961 2623 callens,
1989 2550 2161 2611 annis

247 2670 393 2714 Lvr.
423 2656 642 2733 quibus
665 2656 955 2734 regnavit,
991 2655 1386 2733 subjectarum
1419 2651 1684 2731 gentium
1710 2648 1937 2727 legatos
1958 2666 2160 2709 omnes
2216 2644 2285 2695 A.
2306 2644 2383 2697 Θ·
2386 2644 2441 2697 11.

245 2750 424 2815 nullo
447 2751 716 2811 adhibito
741 2752 1056 2832 interprete
1079 2748 1391 2811 audiverit.
2185 2726 2321 2762 Μ’·
2342 2714 2423 2762 ¹⁷

327 2854 437 2907 40.
485 2848 962 2928 Magnitudinem
987 2848 1163 2926 hujus
1195 2846 1348 2925 regis
1379 2852 1745 2905 cometarum
1776 2839 2160 2922 apparitioni·
2182 2847 2369 2901 suntin.

245 2944 364 3003 bus
401 2934 748 3025 praediotam
780 2944 958 3005 fuisse
993 2944 1196 3013 aiunt3
1231 2943 1336 3024 qui
1377 2961 1484 3023 per
1515 2938 1647 3001 dies
1680 2938 2075 3019 septuaginta,
2101 2944 2165 2995 et

245 3060 376 3119 quo
402 3038 577 3099 natus
609 3050 700 3101 est
733 3059 912 3113 anno,
943 3049 1008 3100 et
1039 3060 1160 3121 quo
1199 3039 1486 3119 imperare
1517 3036 1721 3116 eoepit,
1760 3052 1897 3095 eum
1938 3032 2163 3109 ingenti

244 3136 390 3197 luce
417 3135 836 3216 deflagrarunt.
935 3134 1096 3197 Solis
1117 3134 1408 3214 fulgorem
1433 3134 1511 3194 ab
1531 3132 1604 3191 iis
1629 3132 1855 3192 vietum
1878 3136 2117 3189 narrant
2140 3148 2159 3196 ς

245 3251 394 3293 cum
437 3232 573 3293 omli
605 3241 834 3314 partem
873 3230 1026 3293 adeo
1063 3250 1338 3311 magnam
1379 3236 1669 3309 tegerent,
1706 3234 1795 3296 ut,
1826 3223 2015 3285 donee
2050 3224 2165 3283 toti

245 3330 548 3390 mirentur
577 3341 684 3391 aut
721 3316 1082 3400 occiderent,
1113 3329 1307 3411 spatio
1341 3335 1596 3407 quatuor
1628 3325 1901 3383 horarum
1934 3318 2161 3399 indige-

245 3434 406 3486 rent.
495 3426 762 3505 Ingentis
793 3425 1172 3506 ejusdemque
1203 3425 1494 3485 diuturnae
1523 3421 1779 3481 fortuna»,
1808 3417 2163 3499 praesagium

245 3520 459 3594 finisse,
484 3532 798 3603 postquam
825 3532 1136 3603 utrumque
1162 3521 1384 3591 evenit,
1410 3518 1723 3580 creditum.

331 3626 442 3679 41.
487 3618 739 3681 Minime
764 3623 843 3681 ab
875 3619 1141 3680 instituto
1171 3618 1430 3679 alienum
1461 3634 1615 3686 reor,
1650 3622 1715 3673 et
1746 3614 1899 3683 haeo,
1925 3618 1987 3671 et
2010 3608 2161 3670 alio·

249 3734 388 3775 rum
423 3715 774 3797 populorum
814 3736 927 3789 res,
971 3714 1177 3797 quales
1209 3734 1284 3774 ea
1313 3718 1663 3793 tempestate
1699 3708 1957 3778 fuerunt,
1984 3706 2160 3765 attin·

247 3830 414 3889 gere.
502 3811 670 3878 Quia
714 3812 872 3872 enim
915 3831 1062 3893 opes
1111 3810 1408 3871 Romanae
1449 3808 1584 3887 jam
1627 3824 1701 3865 eo
1743 3800 2165 3881 magnitudinis

245 3916 588 3979 creverant,
639 3916 710 3969 ut
751 3902 952 3969 omnia
995 3906 1182 3967 ferme
1233 3924 1414 3985 regna
1465 3903 1845 3980 nationesque
1894 3897 2163 3975 cognitas

247 4002 420 4064 bello
457 4013 563 4064 aut
597 4003 910 4069 soederibus
943 4002 1458 4085 amplecterentur,
1494 3997 1571 4058 ad
1607 4004 1857 4056 externa
1891 4012 2160 4053 nonnun-

249 4120 442 4179 quam
465 4098 897 4161 deflectendum
921 4108 1049 4161 est:
1078 4108 1146 4159 ut
1159 4094 1586 4165 animadverso,
1605 4112 1744 4173 quae
1758 4108 1993 4171 quoque
2014 4096 2161 4148 tem-

249 4216 400 4277 pore
425 4216 610 4275 regna
641 4197 1052 4277 civitatesque,
1095 4203 1157 4256 et
1189 4195 1300 4255 sub
1340 4191 1619 4272 qualibus
1651 4186 1892 4258 fuerint,
1918 4204 2037 4245 non
2066 4202 2161 4245 so·

249 4292 380 4351 lum
421 4312 612 4353 nexus
651 4302 992 4365 eventuum,
1018 4290 1124 4353 sed
1155 4290 1336 4352 etiam
1367 4305 1682 4349 causarum
1713 4283 1911 4353 series,
1948 4278 2166 4361 quibus

250 4388 586 4449 excitatum
614 4389 1002 4469 adjutumque
1028 4388 1142 4449 hoe
1169 4384 1480 4477 imperium
1506 4381 1793 4472 pleraque
1816 4378 1939 4440 alia
1962 4376 2161 4437 absor-
