3225 5242
793 552 1004 603 nunu
1055 552 1282 601 Lxxi.
1327 552 1975 606 SUPPLRMENTUM.

262 699 480 778 iuquit,
522 706 540 735 ⁴
564 698 772 759 horum
815 695 1062 760 libidine
1107 704 1286 777 atque
1313 694 1667 757 crudelitate
1695 696 2026 757 intactum?
2066 706 2175 761 aut
2237 702 2246 709 “

265 796 416 877 quid
441 794 600 857 ultra
621 794 962 857 desiderant
985 795 1340 876 importunae
1380 793 1646 853 belluae?
1688 795 1791 874 qui
1816 814 2009 876 neque
2046 794 2173 857 luc-

267 902 334 953 tu
370 894 751 955 innocentum
789 891 1039 963 civium,
1083 912 1277 972 neque
1322 892 1606 974 periculis
1636 894 2032 973 optimorum,
2071 914 2175 953 ne-

265 1012 387 1073 que
413 992 542 1052 ulla
577 990 924 1053 calamitate
949 990 1294 1070 reipublicae
1314 998 1559 1072 possunt
1575 991 1880 1053 exsatiari.
1966 992 2179 1059 Quan-

267 1110 453 1172 quam
479 1091 639 1151 enim
664 1109 773 1170 pro
795 1108 981 1149 causa
1013 1088 1160 1149 mihi
1184 1088 1330 1177 satis
1354 1087 1583 1149 dictum
1607 1096 1721 1161 est,
1748 1098 1949 1149 tamen
1978 1090 2057 1149 ab
2090 1090 2185 1152 his

255 1187 572 1269 judicibus
631 1206 744 1247 nec
808 1196 1065 1268 expecto
1133 1206 1310 1269 aequa
1358 1185 1663 1265 suffragia,
1726 1206 1837 1247 nec
1888 1186 2179 1255 desidero.

272 1286 570 1349 Damnari
610 1286 768 1347 enim
812 1306 852 1345 a
891 1285 1137 1356 talibus,
1175 1305 1356 1366 quam
1401 1285 1634 1347 absolvi
1673 1286 1975 1349 honestius
2015 1297 2181 1369 puto.

271 1384 358 1445 Et
381 1385 430 1443 si
457 1382 778 1445 facultates
794 1390 860 1444 et
879 1383 1089 1463 pan-iffi
1108 1392 1463 1463 conspectus
1488 1381 1789 1456 adimitur,
1808 1402 2187 1465 quocumque

265 1481 536 1543 locorum
576 1499 924 1561 pervenero,
971 1480 1206 1561 quietus
1243 1489 1309 1541 et
1351 1479 1651 1541 fortunam
1690 1480 2053 1543 conscientia
2098 1480 2185 1542 le-

268 1598 443 1650 vans,
470 1578 870 1658 jactationem
905 1577 1110 1637 horum
1134 1586 1200 1639 et
1221 1578 1517 1639 cruciatus
1553 1577 1817 1650 audiam,
1844 1579 1951 1658 qui
1989 1579 2189 1660 pravis

264 1675 590 1747 mentibus,
629 1674 746 1735 boc
769 1674 902 1745 est,
931 1674 1441 1735 truculentissimis
1473 1675 1793 1736 tortoribus
1824 1675 2041 1748 relicti,
2066 1697 2189 1757 quo
2252 1686 2259 1693 '

271 1772 498 1837 diutins
516 1772 578 1831 in
597 1772 716 1833 hac
735 1771 882 1832 urbe
908 1771 1135 1843 vivent,
1165 1770 1366 1853 plures
1391 1771 1679 1836 scelerum
1699 1792 1936 1833 suorum
1962 1773 2189 1854 persol-

269 1880 416 1933 vent
457 1889 682 1953 poenas,
734 1868 874 1929 Diis
923 1869 1378 1950 hominibusque
1422 1871 1614 1942 exosi,
1666 1890 1861 1951 neque
1902 1872 1995 1931 his
2034 1892 2191 1953 quos

270 1967 642 2049 reliquerunt
664 1968 726 2027 in
751 1967 1022 2039 civitate,
1049 1986 1230 2047 quam
1259 1988 1408 2049 quos
1422 1967 1803 2050 expulerunt,
1824 1970 2103 2031 cariores.

351 2072 457 2125 40.
501 2074 520 2101 ‘
543 2062 792 2125 Scilicet
807 2083 883 2125 ea
899 2078 1066 2125 ‘nunc
1091 2073 1359 2146 tempora
1382 2072 1542 2137 sunt,
1564 2073 1633 2124 ut
1652 2066 1755 2144 qui
1780 2064 2011 2127 salvam
2032 2086 2187 2133 rem-

272 2161 578 2243 publicam
597 2161 810 2243 velint,
831 2180 964 2221 eam
999 2160 1092 2220 his
1117 2160 1260 2222 viris
1284 2161 1540 2243 spoliare
1565 2161 1837 2242 cupiant,
1858 2162 2069 2242 quales
2092 2163 2188 2231 illi

271 2259 496 2335 multos
513 2260 839 2339 ejecerunt,
867 2258 1019 2319 alios
1042 2257 1242 2339 plures
1263 2258 1442 2341 paulo
1463 2268 1598 2341 post
1621 2259 1872 2339 ejecturi
1890 2259 2185 2321 videntur.

271 2356 469 2421 Tuam
494 2355 760 2438 quidem,
781 2378 820 2417 o
845 2355 1057 2417 infelix
1087 2356 1302 2438 patria,
1323 2358 1518 2417 vicem
1538 2356 1743 2419 dolere
1762 2378 1881 2417 non
1901 2355 2187 2419 desinam.

277 2456 420 2517 Erit
443 2462 642 2515 tamen
667 2453 956 2515 nonnulla
977 2452 1336 2527 consolatio,
1351 2453 1512 2535 quod
1537 2473 1690 2535 quas
1711 2455 2049 2536 impendere
2074 2455 2189 2516 tibi

275 2551 484 2615 clades
505 2561 732 2613 certum
755 2561 865 2623 est,
903 2550 1142 2613 audiam
1170 2552 1364 2632 potius
1383 2572 1564 2632 quam
1590 2552 1831 2615 videbo.
1918 2553 2027 2613 Me
2052 2554 2186 2633 qui-

274 2651 414 2711 dem
439 2652 492 2712 si
515 2649 790 2731 respicio,
832 2650 895 2710 in
921 2649 1197 2731 qualibet
1233 2649 1572 2721 solitudine,
1618 2652 1771 2711 inter
1802 2660 2103 2732 serpentes
2126 2658 2191 2713 et

271 2748 516 2821 bestias,
543 2768 728 2828 quam
767 2747 932 2830 apud
969 2748 1076 2809 hos
1101 2745 1320 2807 Romae
1361 2748 1548 2808 tutius
1585 2747 1939 2830 feliciusque
1963 2749 2187 2814 vivam·

277 2844 588 2908 Bonorum
614 2846 872 2917 miseret,
898 2844 1003 2927 qui
1049 2846 1229 2925 pauci
1269 2846 1422 2906 inter
1461 2845 1703 2919 multos,
1740 2855 1803 2908 et
1842 2848 1922 2907 ab
1966 2847 2078 2920 his,
2126 2856 2191 2909 et

2324 540 2503 613 4433

276 2952 522 3027 propter
561 2944 669 3003 hos
709 2942 1088 3004 intoleranda
1111 2946 1340 3023 quaevis
1382 2944 1723 3024 patientur?
1809 2942 1973 3005 Haec
2005 2955 2187 3026 atque
2210 2943 2513 3012 eiejnorat}

275 3043 429 3103 talia
457 3062 594 3103 cum
619 3042 845 3121 ingenti
883 3041 1285 3101 concitatione
1311 3042 1493 3102 animi
1520 3050 1582 3101 et
1607 3042 1921 3103 verborum
1944 3042 2187 3103 effudis-
2208 3027 2396 3105 :4¹¹oesp
2419 3028 2514 3076 ⁵¹⁰²

2208 3106 2260 3142 m
2278 3092 2399 3141 exil-
2432 3096 2515 3143 11.

274 3148 388 3213 set,
427 3160 544 3201 non
583 3139 922 3222 expectatis
947 3137 1242 3218 suffragiis
1263 3140 1412 3201 urbe
1437 3140 1633 3199 cessit.
1720 3138 2027 3201 comitata
2048 3160 2186 3201 eum
2241 3158 2414 3207 senec.

279 3236 528 3299 Rutilia
551 3246 743 3299 mater
761 3248 875 3310 est,
901 3236 1100 3297 fratris
1127 3236 1344 3298 Publii
1382 3238 1793 3319 experimento
1818 3236 1966 3299 nihil
1994 3238 2055 3297 in
2078 3258 2187 3301 ex·
2210 3222 2409 3272 consol.
2432 3221 2495 3269 *ὁ

278 3335 386 3402 ilio
405 3335 548 3395 mali
575 3356 702 3397 esse
727 3336 928 3397 docta.

293 3478 298 3485 .
366 3440 468 3495 41.
511 3432 584 3497 L.
632 3433 996 3495 Mummium
1039 3431 1408 3506 Achaicum,
1462 3433 1805 3495 clarissimis
1842 3434 2045 3513 gestis,
2080 3453 2191 3495 ex·-

281 3540 469 3595 trema
500 3540 680 3592 aetate
710 3531 1032 3602 bominem,
1053 3551 1130 3591 ne
1161 3531 1414 3592 aliorum
1440 3531 1725 3613 exemplo
1750 3531 2192 3593 damnationem

279 3627 620 3703 voluntario
661 3650 892 3689 secessu
920 3638 1338 3703 anteverteret,
1367 3630 1633 3710 equitum
1678 3627 1866 3690 infida
1905 3630 2195 3709 promissa

279 3728 443 3807 turpi
485 3736 626 3787 arte.
654 3726 1038 3808 deceperunt.
1122 3726 1415 3788 Favorem
1455 3728 1616 3787 enim
1643 3735 1709 3787 et
1743 3723 1885 3787 laeta
1908 3725 2193 3807 suffragia

281 3822 514 3903 prolixe
539 3823 814 3906 polliciti,
841 3824 944 3884 ubi
984 3821 1064 3883 ad
1101 3823 1408 3885 ferendam
1435 3824 1791 3885 sententiam
1814 3832 2058 3886 ventum
2076 3834 2194 3898 est,

281 3921 488 4001 fugam
531 3923 589 3983 ei
628 3921 969 4003 frequentes
999 3923 1319 4002 jusserunt.
1407 3921 1510 3983 Sic
1555 3922 1620 3981 in
1668 3919 1895 3981 Delum
1936 3921 2191 3983 insulam

282 4019 584 4101 profectus
626 4018 753 4089 ille,
802 4017 966 4099 quod
1009 4025 1316 4101 supererat
1358 4018 1574 4089 aetatis,
1603 4018 1681 4081 ab
1722 4018 1961 4097 ingrata
1995 4021 2195 4100 patria

283 4117 513 4197 pulsus,
556 4117 636 4177 ab
680 4116 755 4175 iis
796 4135 948 4195 quos
993 4117 1201 4198 patriae
1249 4116 1588 4197 subjecerat
1632 4124 1925 4197 receptus,
1968 4118 2193 4195 exegit.

285 4212 450 4274 Haec
471 4215 559 4274 ita
577 4213 761 4274 ferme
787 4221 929 4274 sunt
952 4214 1034 4275 ab
1059 4212 1353 4295 Appiano
1378 4213 1622 4274 tradita.
1693 4210 1815 4272 Sed
1845 4213 1991 4273 utin
2018 4213 2193 4277 rebus

281 4310 582 4372 Romanis
607 4318 882 4373 auctores
907 4309 1112 4373 Graeci
1138 4310 1300 4373 haud
1315 4328 1454 4373 raro
1477 4310 1945 4382 hallucinantur,
1966 4331 2085 4372 non
2120 4310 2192 4373 L.

2210 3287 2356 3337 Helv.
2372 3302 2416 3337 c.
2430 3290 2514 3337 16·

2210 3352 2425 3419 Appian-
