3225 5242
731 596 940 646 mam
992 598 1220 647 cxxi.
1269 598 1916 653 SUHLRMBNTUM.
2004 570 2012 577 ’
2276 584 2453 655 ms

208 742 468 803 nummis
523 750 764 821 argento
809 750 1036 824 partem
1082 744 1216 803 aeris
1259 752 1536 805 octavam
1587 744 1873 805 miscendi
1918 754 2125 809 auctor

209 840 346 899 fuit.

294 942 401 998 21.
444 934 604 996 Cum
629 935 758 996 haec
795 957 914 998 non
951 938 1040 997 ita
1077 956 1292 1016 magno
1329 938 1650 999 certamine
1688 940 2120 1011 constitissent;

211 1032 441 1095 acriore
463 1043 680 1095 conatu
716 1054 1036 1116 pugnaque
1076 1033 1157 1094 ad
1199 1033 1390 1115 legem
1417 1035 1799 1116 judiciariam
1830 1038 2123 1119 perferen·
2147 1045 2363 1121 Appi-n.

209 1132 356 1194 dam
381 1132 499 1193 fuit
521 1152 688 1214 opus.
771 1132 917 1200 Qua
935 1133 998 1191 in
1025 1153 1088 1193 re
1113 1153 1250 1193 cum
1275 1132 1507 1194 dedisse
1534 1154 1778 1215 operam
1804 1134 2125 1207 videretur,
2374 1142 2377 1145 ’

211 1239 283 1290 ut
308 1239 374 1291 et
397 1230 628 1291 senatui
666 1239 896 1309 gratum
934 1230 1180 1304 faceret,
1220 1251 1335 1293 uec
1369 1232 1629 1291 irritaret
1664 1232 1932 1313 equitnm
1964 1232 2128 1304 odia,

207 1336 276 1389 et
302 1328 536 1408 utrique
561 1327 756 1389 ordini
783 1338 1011 1409 partem
1037 1348 1272 1410 aequam
1287 1327 1651 1408 judiciorum
1689 1330 1988 1391 tribuisset
1995 1350 2013 1399 ς
2057 1350 2131 1390 ea

209 1426 346 1506 ipsa
369 1446 434 1486 re
464 1425 850 1487 offensionem
873 1428 1134 1487 omnium
1163 1428 1425 1487 incurrit.
1513 1426 1771 1489 Senatus
1794 1428 2016 1488 crebris
2040 1446 2130 1487 se-

207 1521 537 1583 ditionibus
563 1524 926 1595 imminutus,
968 1524 1048 1585 ad
1083 1544 1386 1585 numerum
1417 1533 1811 1585 trecentorum
1836 1525 2128 1585 'decreve-

207 1630 324 1679 rat.
407 1619 579 1681 Tulit
617 1641 758 1701 ergo
800 1622 1052 1693 Drusus,
1081 1631 1098 1659 ‘
1119 1632 1190 1683 ut
1213 1622 1306 1683 his
1341 1621 1592 1683 totidem
1620 1643 1863 1683 numero
1900 1622 2131 1703 equites

210 1715 504 1790 Romani,
529 1717 770 1779 delectu
795 1719 1182 1797 insigniorum
1209 1719 1436 1793 habito,
1465 1720 1840 1781 adderentur.
1910 1720 2011 1780 Ex
2036 1720 2131 1781 his
2180 1714 2331 1811 rnuct.
2362 1716 2427 1765 de

206 1818 508 1876 sexcentis
534 1815 787 1877 decuriae
803 1816 1080 1897 judicum
1103 1816 1333 1880 fierent.
1418 1818 1486 1881 Si
1525 1820 1660 1899 quis
1684 1820 1997 1900 pecuniam
2022 1818 2127 1901 ju·
2154 1781 2458 1911 {gpilgm

206 1912 456 1975 dicandi
480 1933 665 1975 causa
691 1916 988 1995 accepisse
1016 1915 1329 1987 diceretur,
1359 1916 1435 1975 de
1459 1936 1533 1976 ea
1558 1936 1621 1976 re
1646 1917 1901 1997 quaestio
1933 1918 2127 1979 esset!

209 2010 312 2071 At
335 2032 480 2074 vero
515 2014 738 2072 crimen
765 2014 854 2073 ita
890 2012 1303 2107 pervulgatum
1332 2016 1628 2094 persequi,
1656 2023 1722 2074 ut
1748 2013 2129 2075 assuetudine

207 2108 458 2170 videndi
484 2130 592 2191 pro
616 2110 861 2171 crimine
887 2111 1096 2171 haberi
1111 2110 1383 2182 desisset,
1405 2112 1689 2171 acerbum
1718 2112 2013 2194 plerisque
2039 2113 2129 2173 vi-

209 2206 488 2268 debatur.
567 2206 870 2288 Adeoque
919 2207 995 2267 C.
1037 2206 1281 2268 Flavius
1326 2209 1538 2279 Pusio,
1580 2209 1698 2271 On.
1740 2209 2022 2283 Titinius,
2049 2208 2126 2272 C.
2187 2208 2293 2261 03⁰·
2316 2228 2405 2277 ΡΝ

211 2302 546 2377 Maecenas,
574 2305 874 2387 principes
899 2307 1186 2386 equestris
1221 2306 1464 2378 ordinis,
1494 2306 1743 2367 Curiam
1782 2307 1874 2368 his
1899 2307 2133 2387 legibus
2153 2270 2348 2392 3:¹⁰⁰*
2370 2294 2417 2329 ⁰⁰

207 2402 444 2480 ingredi
466 2411 667 2483 aperte
693 2412 1055 2464 recusarunt.
1101 2404 1186 2464 Et
1210 2404 1580 2465 accedebant
1597 2405 1734 2466 aliae
1752 2406 2132 2486 suspiciones,

207 2498 330 2559 hoc
356 2502 455 2579 agi
481 2510 548 2561 ut
571 2520 754 2581 penes
779 2502 970 2561 solum
1013 2510 1306 2575 senatum,
1350 2502 1610 2564 exclusis
1645 2504 1893 2585 posthac
1919 2503 2132 2583 equiti·
2156 2518 2371 2585 Appiana.

209 2598 348 2669 bus,
366 2598 602 2676 judicia
627 2598 842 2658 forent.
914 2599 1119 2659 Etiam
1144 2598 1450 2660 difficilem
1478 2600 1829 2662 electionem
1850 2598 2133 2672 faciebat,

209 2696 528 2775 praeteritis
547 2696 951 2775 ignominiam,
969 2696 1218 2758 delectis
1233 2698 1519 2759 invidiam
1536 2697 1797 2759 allatura
1814 2700 2137 2762 aemulatio.

297 2800 400 2853 22.
443 2792 667 2876 Neque
693 2794 918 2855 Patres
958 2796 1253 2877 patienter
1284 2794 1580 2869 ferebant,
1622 2805 1789 2857 tanto
1822 2796 1997 2857 simul
2025 2817 2134 2857 nu·
2196 2808 2341 2859 Auet.
2358 2810 2421 2859 do

207 2902 380 2949 mero
403 2892 674 2973 cooptari
701 2892 762 2950 in
791 2890 1216 2972 amplissimum
1253 2891 1520 2953 ordinem
1546 2894 1797 2973 equites.
1884 2903 1903 2930 ‘
1934 2894 2137 2961 Quem

209 2986 436 3048 deinde
456 3008 804 3051 consensum
829 2991 1052 3071 sperari
1075 3010 1267 3071 posse,
1295 2992 1544 3071 antiquo
1558 2998 1794 3063 senatu,
1821 3010 1957 3072 quae
1976 3012 2136 3051 com-

209 3086 525 3147 municata
549 3106 686 3147 cum
713 3088 881 3148 novis
905 3085 1240 3148 hominibus
1257 3098 1474 3159 essent,
1497 3109 1605 3169 pro
1632 3089 1858 3149 amissis
1882 3097 1989 3149 aut
2011 3107 2137 3150 ma·-

205 3181 436 3243 culatis
453 3183 734 3245 habituro
757 3204 772 3253 ;
818 3185 913 3243 his
935 3205 1050 3244 non
1073 3185 1383 3265 quieturis,
1404 3187 1620 3258 donec,
1642 3188 1803 3249 omni
1826 3188 2139 3269 antiquato

205 3280 579 3354 discrimine,
600 3268 711 3363 par
735 3281 995 3361 dignitas
1014 3283 1273 3362 utrisque
1294 3284 1651 3345 constitisset
1664 3281 1711 3343 ‘l’
1754 3282 1901 3345 Hoc
1925 3285 2135 3345 habitu

209 3378 569 3449 animorum,
595 3370 898 3440 discordes
922 3380 1077 3439 inter
1103 3398 1166 3439 se
1192 3380 1428 3441 ordines
1449 3381 1507 3440 in
1527 3402 1645 3441 uno
1664 3380 2133 3453 consentiebant,

208 3488 288 3537 nt
331 3498 411 3539 ex
459 3498 634 3557 aequo
680 3478 943 3545 Drusum
995 3478 1294 3540 odissent:
1359 3481 1647 3561 quicquid
1690 3481 1987 3560 ingratum
2031 3490 2137 3542 ant

209 3574 531 3636 molestum
556 3577 835 3656 cuiquam
861 3575 1199 3649 accidebat,
1226 3576 1318 3636 illi
1347 3578 1574 3638 auctori
1601 3578 1978 3660 imputantes,
1999 3598 2137 3639 cum

209 3682 391 3753 grata
414 3683 480 3735 et
502 3673 769 3735 volentia
793 3674 962 3734 taciti
990 3673 1512 3756 amplecterentur.

299 3776 405 3833 23.
446 3771 595 3833 Prae
619 3772 832 3832 ceterss
851 3791 1062 3851 graves
1078 3772 1444 3833 adversarios
1463 3772 1615 3833 duos
1634 3774 1867 3845 babuit,
1888 3773 1971 3840 Q.
1993 3770 2133 3832 Ser·
2196 3787 2345 3837 Λυσι.
2368 3786 2433 3836 de

206 3869 428 3933 vilium
455 3868 828 3952 Caepionem,
856 3879 921 3930 et
945 3870 1017 3930 L.
1049 3869 1348 3930 Marcium
1375 3870 1739 3952 Philippum
1764 3881 1907 3931 tunc
1921 3890 2132 3930 consu·
2162 3851 2471 3971 vgssmffl

209 3968 358 4029 iem.
439 3966 572 4031 Pro
598 3968 900 4049 equitibus
940 3966 1174 4050 Coepio,
1200 3987 1310 4050 pro
1348 3976 1558 4029 senatu
1601 3968 1858 4039 consul,e
1892 3967 2135 4029 infensis
2155 3986 2301 4099 01:162.

2230 4064 2303 4100 Οἷα

283 4150 622 4221 ‘'Pinna-ctu
636 4148 824 4215 comt]
843 4150 898 4200 Si
917 4157 1026 4201 tum
1040 4164 1136 4215 pro
1216 4164 1387 4217 neque
1422 4156 1664 4201 auctores
1698 4150 1756 4213 il,
1786 4164 1914 4216 quos
1940 4150 2137 4215 allegat

208 4224 405 4269 unctu
429 4217 698 4281 pugnabat
719 4216 902 4267 consul
935 4216 1136 4282 Philip·
1215 4218 1272 4267 in
1312 4216 1547 4280 margine
1589 4215 1991 4277 Freinshemius,
2028 4230 2136 4266 me-

205 4295 559 4349 pns,neces⁸e
575 4288 658 4333 est
673 4282 902 4340 omnino,
919 4289 978 4332 ut
1029 4286 1136 4332 ost·
1217 4291 1422 4332 morant
1446 4280 1747 4345 Philippum
1771 4282 1983 4332 stetisse
2008 4296 2040 4329 a
2056 4295 2138 4330 se·

209 4362 284 4398 en
331 4361 524 4427 mpgna
581 4348 636 4398 in
680 4361 745 4396 eo
785 4345 932 4425 fai-cta
1036 4347 1138 4397 erit
1217 4354 1372 4398 nutus
1430 4346 1649 4409 artibus,
1666 4347 1757 4397 sed
1771 4345 2136 4427 tantummodo

210 4412 982 4531 Μι.ῡοῗ““ὗξ“ὲ.ἲῗὸἲ*“ἑῗ’ῗῗῗ
1026 4428 1141 4530 Ἐζᾶ
1217 4426 1380 4529 22:¹2..
1417 4426 1567 4529 5:22?
1621 4426 1872 4464 ⁸⁰‘'“¹'¹⁰
1922 4420 2136 4463 ⁰⁰”‘⁰¹¹‘

257 4582 266 4589 ·
349 4560 532 4626 Delpk.
550 4566 600 4611 et
619 4560 738 4613 Ver.
763 4561 895 4611 Clu.
1221 4560 1412 4612 Livius.
2189 4562 2251 4611 13
2286 4560 2329 4610 1³

2162 2938 2377 3005 Appian.

2160 2874 2267 2924 Vir.
2286 2874 2468 2927 illustr.
2540 2898 2547 2907 ·
