3225 5242
721 475 732 484 ·
825 455 1040 507 niani
1091 454 1374 509 vanl.
1413 456 2073 513 surrnsunuwn.
2391 449 2565 519 4367

212 671 220 677 .
323 607 420 661 set
441 606 812 679 conspectus,
839 600 1106 683 protinus
1141 600 1404 669 Ganos
1447 604 1526 667 ad
1565 605 1759 681 illum,
1794 606 2158 689 Zoilumque'
2176 616 2243 671 et

330 694 612 760 Sidonios
634 716 768 757 cum
795 696 930 759 aliis
954 699 1116 763 circa
1139 690 1482 763 civitatibus
1507 722 1861 767 accessuros.
1946 702 2072 787 Sed
2096 702 2243 767 dum‘

327 794 391 858 in
435 813 610 854 cursu
654 793 1024 857 Ptolemaeus
1065 804 1178 867 est,
1222 795 1292 857 fit
1331 793 1546 861 certior
1587 810 1821 861 mutata
1854 800 2241 863 Ptolemaide

326 890 580 953 consilia
602 911 752 961 esse,
782 890 1135 953 Demaeneto
1162 892 1422 973 quodam
1465 904 1728 967 auctore,
1756 898 1862 977 qui
1903 898 2065 958 cives
2105 918 2244 960 suos

331 984 738 1059 admonuerat,
769 996 788 1025 ‘
812 1008 886 1048 ne
913 1009 1070 1050 vano
1096 988 1344 1051 fortasse
1372 988 1662 1053 libertatis
1690 994 2035 1055 amittendae
2054 1004 2241 1068 metu',

329 1091 558 1143 certum
601 1094 666 1145 et
713 1105 894 1165 grave
923 1088 1142 1167 jugum
1183 1090 1586 1151 arcesserena'
1670 1088 1757 1150 Et
1794 1090 2123 1171 periculum
2162 1112 2241 1153 ex

333 1178 660 1261 Cleopatra
698 1182 1071 1254 ostendebat,
1119 1204 1236 1245 non
1290 1204 1533 1265 passura
1581 1184 1797 1257 filium,
1836 1206 2017 1267 quem
2060 1188 2243 1253 etism

333 1276 540 1359 Cypro
575 1280 793 1359 ejicere
824 1278 1112 1355 studeret,
1151 1280 1232 1343 ad
1271 1282 1427 1364 ipsos
1461 1282 1715 1366 AEgypti
1752 1282 1901 1346 fines
1934 1284 2146 1365 opibus
2178 1293 2246 1347 et

331 1372 630 1437 clientelis
662 1396 996 1457 augescere.

413 1478 514 1533 90.
561 1470 680 1534 Ille
717 1476 1114 1549 nihilominus,
1147 1496 1268 1557 quo
1303 1474 1658 1550 intenderat,
1696 1476 1886 1537 classe
1926 1476 2133 1549 ducta,
2162 1478 2243 1545 ul

334 1566 721 1649 sycaminum
759 1573 1209 1635 exscensionem
1247 1572 1429 1635 facit:
1472 1574 1779 1657 copiisque
1814 1576 2134 1647 recensitis,
2164 1574 2246 1637 ad

331 1666 774 1731 Ptolemaidem
816 1682 1038 1733 movet.
1083 1746 1091 1753 ,
1123 1670 1436 1753 Oppidani
1478 1690 1671 1752 neque
1709 1670 1788 1731 ad
1822 1672 2015 1753 ipsum
2049 1672 2246 1733 mitte-

331 1764 477 1826 bant
503 1766 765 1849 legatos3
799 1789 1004 1851 ,neque
1030 1770 1236 1829 missos
1261 1768 1340 1829 ab
1367 1770 1496 1850 ipso
1521 1768 1781 1851 recipere
1806 1769 2114 1851 moenibus,
2140 1778 2249 1830 aut

332 1865 571 1926 omnino
597 1865 800 1927 audire
825 1866 1158 1929 voluerant.
1243 1866 1422 1927 Zoilo
1448 1874 1647 1926 tamen
1672 1864 2032 1946 Gazaeisque
2056 1867 2245 1927 socie-

331 1969 516 2024 tatem
541 1983 678 2023 cum
704 1984 778 2025 eo
790 1964 1200 2045 jungentibus,
1227 1984 1332 2025 rex
1358 1963 1400 2023 J
1403 1962 1707 2024 udaecrum
1732 1962 2121 2036 Alexander,
2136 1984 2243 2045 po-

329 2062 580 2122 tentiam
605 2061 786 2123 hostis
810 2062 1051 2133 veritus,
1079 2061 1158 2123 ab
1184 2060 1490 2123 obsidione
1517 2058 1918 2121 Ptolemaidis
1949 2058 2241 2123 discedit:

331 2158 700 2241 pecuniaque
727 2158 1068 2221 Ptolemaeo
1093 2159 1380 2241 promissa
1398 2158 1600 2243 palam
1626 2156 1951 2217 amicitiam
1975 2158 2107 2236 ejus
2128 2154 2241 2217 fin-

330 2255 439 2335 git,
488 2265 552 2317 at
593 2256 975 2318 clandestinis
1019 2257 1080 2317 in
1126 2256 1455 2338 AEgyptum
1482 2256 1708 2316 nuntiis
1750 2252 2137 2336 Cleopatram
2180 2252 2244 2313 in

331 2352 653 2435 perniciem
693 2356 827 2436 ejus
863 2352 1154 2415 stimulat.

411 2458 515 2513 91.
559 2450 686 2511 His
721 2451 896 2512 rebus
925 2450 1242 2532 compertis
1271 2446 1589 2519 Lathurus,
1634 2454 1805 2528 parte
1837 2409 2145 2529 copiarum
2180 2444 2245 2505 in

327 2548 640 2610 obsidione
665 2547 1070 2611 Ptolemaidis
1094 2546 1330 2619 relicta,
1357 2566 1496 2608 cum
1531 2546 1749 2606 ceteris
1784 2544 1865 2605 ad
1888 2540 2247 2605 vastandum

330 2642 678 2707 Alexandri
712 2666 958 2725 regnum
983 2642 1395 2728 proficiscitur.
1479 2641 1547 2703 It
1571 2640 1813 2702 obviam
1838 2638 2086 2701 Judaeus
2107 2658 2248 2699 cum

329 2742 558 2823 ingenti
592 2743 879 2804 exercitu.
964 2740 1426 2822 Quinquaginta
1458 2738 1765 2800 hominum
1808 2736 2003 2799 millia
2040 2734 2246 2806 fuisse,

328 2837 576 2921 quidam
625 2838 806 2901 etiam
855 2832 1162 2918 octoginta
1199 2834 1586 2897 tradiderunt.
1690 2834 1791 2895 Ibi
1838 2834 2119 2913 magnum
2164 2830 2245 2893 ad

328 2935 640 2999 victoriam
680 2944 1038 2997 momentum
1082 2932 1426 2994 Ptolemaeo
1464 2927 1976 3012 Philostephanus
2020 2926 2246 2999 attulit,

329 3034 486 3095 aciei
523 3031 822 3093 struendae
866 3052 983 3093 non
1027 3029 1292 3109 vulgaris
1329 3027 1566 3089 artifex.
1652 3026 1874 3107 Ingens
1896 3024 2245 3087 Judaeorum
2266 3036 2349 3090 Id.
2379 3039 2504 3094 ibid.

329 3131 530 3195 caedes
552 3130 686 3193 fuit.
767 3128 1042 3209 Triginta
1071 3127 1265 3187 millia
1300 3122 1614 3187 interfecta
1638 3124 1744 3185 alii
1770 3132 2038 3185 auctores
2061 3126 2239 3191 sunt,
2222 3120 2311 3158 ⁸⁶·
2328 3108 2415 3158 ²¹·

328 3228 710 3309 Timagenes,
737 3226 930 3287 millia
962 3222 1416 3307 quinquaginta.

413 3331 518 3387 92.
581 3322 704 3385 Sed
755 3320 866 3383 filii
916 3320 1286 3383 successibus
1336 3314 1612 3377 invidens
1664 3313 2012 3395 Cleopatra,
2062 3281 2247 3375 mittit

333 3422 650 3485 Chelciam
695 3430 760 3481 et
802 3418 1102 3479 Ananiam
1139 3416 1345 3486 duces,
1383 3432 1526 3474 mox
1563 3410 1756 3472 filium
1798 3409 2245 3483 Alexandrum,

329 3518 594 3581 deinde
579 3538 712 3599 ipsa
733 3516 1144 3596 subsequitur:
1187 3510 1592 3572 Ptolemaeum
1628 3506 1891 3588 undique
1914 3506 2245 3621 promrbat.

335 3617 407 3679 Is
428 3637 548 3677 non
573 3614 826 3693 segniter
850 3610 1084 3673 invadit
1110 3608 1464 3690 AEgyptum,
1491 3624 1672 3687 quam
1698 3604 1827 3666 sine
1855 3605 2045 3684 copiis
2066 3614 2129 3665 et
2152 3624 2246 3665 re-

333 3716 508 3795 gibus
546 3712 784 3775 facilem
812 3717 1161 3793 recuperatu
1197 3705 1604 3768 existimabat.
1688 3700 1811 3763 Sed
1838 3720 1877 3761 a
1903 3700 2245 3781 Cleopatrae
2368 3691 2377 3702 ”

331 3813 586 3875 ducibus
621 3812 834 3871 iterum
873 3808 1130 3887 ejicitur.
1211 3802 1456 3883 Regina
1484 3820 1621 3861 cum
1646 3798 2006 3859 Alexandro
2030 3794 2247 3857 Judoeo

331 3910 536 3973 foedua
569 3908 709 3971 ferit
749 3902 1141 4018 Scythopoli:
1183 3900 1442 3963 deinde'
1426 3918 1488 3959 in
1514 3896 1843 3979 AEgyptum
1875 3892 2051 3955 redit.
2132 3892 2174 3952 J
2176 3913 2243 3953 u

331 4010 523 4082 daeus,
545 4005 729 4069 etiam
761 4024 1026 4085 regresso
1060 4004 1122 4064 in
1150 3998 1423 4082 Cyprum
1448 3996 1811 4066 Ptolemaeo,
1840 3992 2076 4073 Syriam
2103 3988 2244 4051 Goe-

332 4106 434 4169 len
479 4125 698 4185 magno
731 4104 944 4163 iterum
979 4098 1142 4159 bello
1182 4098 1429 4179 premit:
1474 4092 1879 4162 Amathunta,
1911 4087 2245 4169 Raphiam,

333 4204 787 4273 Anthedonem,
833 4207 894 4259 et
931 4194 1358 4259 nobilissimam
1383 4190 1747 4253 Gasaeorum
1782 4187 1991 4251 urbem
2012 4204 2089 4245 ex
2096 4203 2245 4266 pug
