3225 5242
1706 530 1779 580 Τ.
1824 528 2021 579 mvn

1090 671 1442 755 Cleopatra,
1465 670 1665 733 &stris
1686 670 1863 753 pulsa
1882 668 2279 741 matrimonio,
2303 668 2367 729 in
2406 665 2649 749 syrim
2678 684 2747 729 se
2780 674 2993 728 conn-

1087 768 1258 832 lerat.
1345 769 1442 829 Ea
1479 790 1572 829 res
1615 788 1856 829 causam
1897 767 2263 827 sermonibus
2302 765 2591 848 prebuit3
2656 773 2675 802 ‘
2702 784 2825 825 non
2868 765 2995 823 sine

1086 867 1328 927 numine
1354 865 1580 927 Divum
1607 866 1725 927 ista
1755 864 1910 935 fieri,
1936 850 2043 925 sed
2067 864 2249 945 plane
2273 862 2529 923 mirifica
2550 861 2999 945 opportunitate

1086 969 1418 1044 temporum
1445 971 1627 1044 atque
1652 982 1847 1033 rernm
1868 961 2113 1040 dignam
2152 960 2349 1021 offerri
2372 980 2531 1021 novo
2550 960 2677 1039 regi
2702 958 3001 1019 conditio-

1087 1078 1246 1122 nem.
1329 1060 1540 1121 Genus
1563 1062 1890 1139 utriusque,
1916 1067 2175 1129 etatem,
2196 1058 2448 1119 formam
2472 1076 2792 1137 cong-ruere
2816 1078 2835 1116 ε
2878 1056 2999 1117 sor-

1087 1166 1294 1217 tunam
1333 1176 1570 1238 quoque
1610 1157 1770 1217 baud
1814 1156 2003 1217 multo
2044 1156 2364 1237 disparem,
2412 1156 2539 1216 sive
2586 1154 2998 1215 edamitatem

1087 1255 1396 1315 amborum
1419 1256 1721 1336 respicias,
1742 1256 1867 1314 sive
1894 1255 2125 1314 initium
2148 1262 2213 1314 et
2234 1272 2401 1334 spem
2418 1251 2776 1331 resurgendi.
2862 1252 3001 1312 An-

1086 1352 1290 1413 tiocho
1329 1360 1556 1433 petrem
1597 1351 1775 1412 fuine
1800 1350 2015 1431 syrie
2054 1370 2275 1430 regem,
2300 1349 2407 1410 sed
2448 1359 2678 1411 taum
2704 1350 3000 1411 natalium

1087 1446 1504 1509 claritudinem
1525 1447 1633 1508 diu
1658 1446 1807 1508 nibil
1833 1448 1891 1507 ei
1928 1448 2291 1531 praecipuum
2318 1446 2435 1507 nisi
2474 1446 2745 1528 pericula
2768 1445 2998 1507 trulias.

1091 1543 1434 1605 Educatum
1469 1564 1734 1625 peregre,
1779 1564 1853 1604 ne
1898 1544 2143 1604 exilium
2182 1542 2425 1624 quidem
2466 1550 2663 1607 mmm
2698 1543 3001 1615 babuiaee,

1089 1642 1402 1720 quominus
1421 1642 1480 1701 in
1505 1652 1693 1723 caput
1712 1642 1845 1720 ejus
1864 1640 2093 1701 insidiae
2112 1642 2193 1701 ab
2216 1640 2399 1722 impio
2415 1638 2599 1701 fratre
2614 1650 3001 1701 struerentur.

1090 1734 1280 1797 Nune
1299 1735 1552 1797 eundem
1575 1738 1866 1798 hactenus
1900 1756 2068 1797 usum
2094 1738 2268 1797 rebus
2291 1737 2603 1818 prosperis,
2628 1746 2697 1797 ut
2720 1754 3001 1815 magnam

1087 1833 1255 1912 tegni
1305 1842 1554 1913 partem,
1597 1842 1899 1915 caputque
1940 1832 2203 1893 omnium
2241 1832 2644 1893 'Antiochiam
2688 1832 3001 1895 voluntate

1089 1928 1464 2010 popularium
1505 1930 1809 2011 receperit.
1892 1928 2017 1991 Sed
2054 1948 2225 2009 oeque
2260 1928 2534 1989 celeriter
2556 1928 2715 2009 banc
2736 1928 2998 1991 felicita·

1087 2032 1214 2085 tem
1235 2024 1422 2087 dilabi
1447 2046 1643 2107 posse,
1681 2046 1861 2107 quam
1903 2025 2209 2097 acciderit,
2244 2027 2309 2086 ni
2345 2026 2639 2089 validiore
2664 2026 2873 2106 aliquo
2896 2024 2995 2087 fir·
3094 2074 3107 2085 .

1089 2131 1388 2184 manento
1413 2125 1747 2186 muniatur:
1792 2144 1983 2205 neque
2006 2122 2371 2185 commodius
2396 2122 2585 2197 aliud,
2610 2143 2793 2203 quarn
2816 2123 3001 2184 deco-

1091 2238 1224 2279 rum
1247 2220 1701 2292 matrimonium,
1717 2240 1863 2281 esse.
1914 2220 2205 2279 Mamura
2228 2218 2441 2280 melius
2455 2217 2755 2280 bominum
2776 2219 2997 2291 studia,

1091 2334 1230 2375 cum
1253 2316 1636 2397 suscipiendis
1660 2315 1861 2377 liberis
1896 2317 2079 2402 etiam
2118 2324 2257 2396 post
2288 2336 2353 2377 se
2386 2316 2700 2377 relicturus
2720 2315 2999 2377 videatur

1087 2412 1215 2501 ⁸suis
1245 2414 1512 2495 partibus
1549 2414 1875 2474 maximum
1914 2411 2346 2475 saci-amentum
2380 2412 2689 2480 serrandae
2728 2412 2899 2487 fidei,
2936 2422 3000 2475 et

1092 2511 1538 2572 remunerandae
1561 2511 1797 2591 pignus.

1173 2614 1277 2668 34.
1303 2617 1322 2645 ‘
1343 2607 1625 2668 Vicissim
1644 2608 2029 2689 Cleopatram
2047 2607 2233 2689 paulo
2256 2616 2395 2669 ante
2410 2604 2671 2669 fraterno
2695 2608 2994 2669 matrimo-

1093 2704 1199 2764 nio
1245 2703 1571 2779 florentem,
1620 2713 1713 2765 tot
1730 2712 1958 2783 'regum
1998 2704 2285 2777 sobolem,
2332 2704 2599 2783 reginam
2650 2703 2997 2786 amplissimi

1091 2801 1280 2880 regni,
1321 2810 1534 2883 praeter
1576 2802 1819 2881 originis
1860 2800 2259 2883 splendorem,
2310 2820 2489 2881 quem
2534 2820 2717 2861 unum
2766 2804 2995 2883 eripere

1089 2896 1327 2957 fortuna
1351 2898 1731 2977 nequivisset,
1768 2907 1971 2958 cetera
2003 2896 2371 2979 perdidime:
2410 2898 2675 2977 reginam
2714 2898 2994 2979 primum,

1088 3012 1247 3053 nunc
1295 2993 1460 3053 omni
1503 3014 1687 3073 regno
1732 3001 2049 3055 extorrem.
2152 2992 2347 3073 Igitur
2386 2992 2533 3053 nibil
2573 2994 2631 3053 ei
2674 2994 2997 3075 optabilius

1087 3087 1238 3161 fore,
1263 3110 1444 3170 quarn
1468 3090 1681 3150 sicum
1705 3091 1819 3151 boc
1854 3092 2083 3169 juvene
2108 3092 2351 3169 juncta,
2378 3090 2509 3170 pari
2549 3088 2841 3169 dignitate
2866 3110 2995 3152 ma-

1087 3184 1448 3257 trimonium,
1481 3194 1770 3267 praeterea
1812 3206 1929 3246 non
1964 3184 2325 3267 spernendas
2364 3186 2425 3245 in
2472 3188 2785 3267 prasentia
2828 3208 2991 3270 opes,

1086 3296 1468 3359 cummagna
1491 3282 1907 3362 expectatione
1927 3280 2278 3363 ampliorum
2302 3292 2724 3363 recuperasset.

1169 3383 1270 3438 35.
1289 3387 1308 3414 ‘
1331 3377 1568 3458 Neque,
1581 3387 1779 3439 tamen
1804 3377 2133 3439 indotatam
2156 3379 2381 3449 venire,
2403 3398 2538 3459 qum
2556 3381 2837 3441 maximis
2862 3384 2991 3444 ubi-

1086 3494 1206 3553 que
1231 3475 1505 3535 amicitiis
1527 3483 1707 3556 atque
1728 3474 2022 3536 clientelis
2047 3473 2290 3558 polleat.
2357 3474 2530 3538 Nam
2552 3476 2615 3537 in
2636 3476 2843 3559 Cypro
2862 3482 2993 3561 qui-

1085 3569 1226 3630 dem
1251 3572 1356 3651 qui
1381 3571 1460 3631 sit
1482 3572 1801 3642 exercitus,
1826 3592 1961 3632 eum
1980 3573 2060 3632 ab
2101 3572 2195 3632 bis
2218 3572 2551 3633 bominibus
2574 3576 2725 3653 regi,
2749 3578 2855 3655 qui
2891 3596 2990 3637 ac·-

1027 3742 1038 3755 .
1085 3667 1282 3747 ceptis
1324 3670 1402 3730 ab
1441 3688 1516 3729 ea
1551 3668 1859 3729 benefieiis
1897 3688 2137 3749 quoquo
2182 3669 2361 3730 modo
2399 3670 2643 3732 relaturi
2684 3670 2994 3733 videantur

1085 3766 1376 3843 gratiam:
1420 3766 1739 3848 praesertim
1780 3766 1885 3826 ubi
1916 3786 1990 3826 eo
2030 3767 2089 3827 in
2133 3766 2268 3828 loco
2307 3765 2477 3827 illam
2518 3768 2795 3841 viderint,
2834 3770 2993 3831 unde

1085 3862 1392 3944 expectari
1429 3862 1614 3943 possit
1648 3883 1930 3923 novorum
1972 3862 2388 3924 beneficiorum
2426 3856 2684 3926 occasio.
2768 3864 2991 3947 Neque

1085 3979 1286 4038 regem
1311 3960 1562 4042 AEgypti
1603 3960 1847 4020 moleste
1892 3958 2187 4033 laturum,.
2214 3962 2265 4022 si
2304 3954 2427 4022 tale'
2467 3962 2615 4044 quid
2658 3962 2989 4025 accidimet.

1089 4054 1384 4115 Constare
1401 4058 1580 4127 enim,
1609 4075 1727 4116 non
1748 4056 2041 4129 lubenter,
2077 4056 2183 4116 sed
2209 4059 2353 4138 quia
2378 4068 2627 4119 matrem
2651 4059 2729 4119 sit
2747 4061 2989 4132 veritus,

1085 4150 1404 4214 divortium
1431 4151 1639 4213 secisse
1661 4173 1678 4213 ε
1704 4162 1961 4215 ceterum
1985 4154 2135 4213 bene
2160 4154 2251 4213 illi
2274 4173 2512 4236 cupere,
2528 4163 2593 4215 et
2609 4155 2771 4216 band
2786 4156 2987 4228 dubie,

1087 4248 1304 4327 quibus
1331 4249 1514 4329 possit
1547 4249 1739 4311 modis
1778 4249 2155 4313 sublevatam
2192 4249 2576 4331 adjutumque
2601 4250 2783 4313 velle.
2868 4250 2987 4314 Sed

1087 4352 1151 4406 et
1188 4364 1324 4406 culn
1371 4344 1729 4407 Alexandro
1774 4345 1953 4407 fratre
1994 4344 2427 4409 aemulationem
2444 4378 2455 4395 ·
2474 4346 2780 4410 accedere.
2865 4348 2987 4411 Per
3108 4400 3117 4429 ,
