3225 5242
812 610 1023 661 unm
1076 610 1229 663 niv,
1272 586 1930 671 surrnn'nnwruu.
2167 624 2172 627 ·
2306 608 2484 675 4045

240 749 551 831 colligere.
636 750 806 815 Nam
830 755 1123 816 continuis
1143 765 1351 819 contra
1369 756 1684 822 Romanos
1707 761 2157 842 quatuordecim

239 872 537 914 annorum
560 852 762 926 bellis,
786 874 1033 934 quorum
1060 854 1315 937 amplius
1335 855 1544 917 decem
1563 867 1587 895 ⁸
1610 860 1792 919 totius
1814 858 2000 921 ferme
2033 859 2156 921 Lu·-
2209 863 2318 915 Liv.
2339 864 2477 935 Epic.

237 950 475 1011 sitaniae
500 951 915 1031 imperatorem
949 952 1094 1031 egit,
1132 971 1247 1014 non
1272 953 1451 1014 modo
1474 955 1796 1019 concordes
1821 958 1976 1017 iuter
1999 977 2062 1017 se
2091 966 2157 1019 et
2176 927 2390 1045 ⁰33⁰,

236 1046 531 1109 adversus
568 1048 783 1110 ducem
820 1050 1024 1131 copias
1059 1050 1372 1123 continuit,
1404 1050 1512 1112 sed
1546 1052 1730 1113 etiam
1769 1054 1849 1114 ab
1889 1054 2154 1117 hostibus
2175 1073 2326 1109 κων·
2345 1066 2399 1117 2.

238 1144 670 1226 propemodum
694 1147 948 1207 invictas
970 1148 1276 1227 prestitit:
1302 1148 1551 1211 consilio
1574 1158 1912 1233 conatuque
1935 1161 2002 1213 et
2019 1161 2151 1213 tan-
2172 1122 2420 1255 E‘tffissn‘

234 1252 359 1304 tum
402 1263 525 1303 non
562 1262 860 1316 successu,
888 1242 1207 1326 Hispania·
1230 1254 1437 1307 contra
1461 1246 1804 1308 Romanam
1827 1250 2150 1330 potentiam
2172 1252 2326 1306 Diod.
2433 1256 2458 1267 “

236 1348 527 1410 morton
586 1342 831 1423 votique
874 1340 1104 1403 fumrus
1150 1362 1415 1425 compos,
1468 1345 1519 1405 si
1571 1343 1756 1427 paulo
1807 1345 2154 1409 infirmiores

232 1434 453 1511 hostes,
481 1446 549 1498 et
570 1436 858 1499 firmiores
882 1440 1103 1501 amicos
1128 1440 1447 1503 habuisset.

311 1540 419 1595 25.
466 1535 947 1616 Magnitudinem
992 1535 1149 1599 illius
1194 1538 1563 1599 illustrarunt
1599 1540 1780 1600 etiam
1817 1543 2148 1623 sequentia,

231 1635 519 1714 quoniam
541 1637 755 1696 orbata
776 1636 1223 1719 incomparabili
1248 1637 1493 1699 ductore
1511 1636 1798 1700 Lusitana
1821 1658 1936 1712 res,
1957 1661 1992 1700 e
2012 1662 2146 1703 ves-

232 1732 377 1811 tigio
414 1742 511 1793 eet
549 1732 948 1815 pessumdata.
1000 1733 1187 1796 ›Cum
1226 1736 1385 1795 enim
1424 1734 1502 1795 ab
1538 1736 1806 1795 exercitu
1839 1735 2148 1799 Tautanus
2200 1742 2354 1795 Diod.

2168 1822 2346 1859 xxxii.
2367 1816 2420 1861 et

230 1828 477 1911 quidam
498 1841 737 1893 creatus
760 1833 1099 1913 imperator,
1126 1831 1207 1893 ad
1232 1830 1563 1913 Saguntum
1597 1832 2055 1917 oppugnandam
2080 1856 2144 1897 se
2164 1871 2379 1940 Appiam.

229 1928 598 2000 contulisset,
626 1929 891 2011 repulsus
916 1930 1079 2003 inde,
1113 1950 1255 1992 mox
1289 1930 1453 1991 eirca
1481 1929 1681 1993 Baetin
1707 1928 1974 2003 fluvium,
1997 1931 2143 1992 dum

229 2028 475 2089 nansire
502 2048 735 2089 amnem
768 2036 1038 2103 conatur,
1066 2049 1106 2089 a
1131 2027 1419 2111 Oaepione
1444 2030 1894 2110 superveniente
1920 2030 1982 2089 in
2009 2038 2142 2091 tan-

228 2134 351 2186 tum
378 2123 745 2205 defatigatus
766 2134 878 2198 est,
914 2134 983 2187 ut
1018 2146 1200 2207 seque
1222 2135 1284 2187 et
1316 2128 1644 2187 exercitum
1679 2126 1898 2208 quibus
1931 2127 2142 2189 victori

230 2222 499 2303 placeret
520 2221 959 2283 conditionibus
982 2222 1197 2284 dedere
1222 2232 1549 2303 cogeretur.
1610 2222 1980 2285 Humaniter
2005 2245 2144 2286 usus

225 2328 315 2380 est
338 2318 559 2400 Caepio
592 2317 833 2391 deditis,
856 2327 1333 2400 exarmatosque,
1360 2337 1435 2379 ne
1468 2320 1683 2380 iterum
1721 2318 1798 2379 ad
1829 2320 2142 2382 latrocinia

224 2435 331 2496 per
350 2416 617 2496 inopiam
644 2414 1113 2496 prolaberentur,
1144 2416 1203 2473 in
1232 2434 1375 2494 agro
1399 2416 1543 2475 satis
1566 2414 1768 2496 amplo
1793 2425 1854 2476 et
1878 2436 2138 2477 commo-

224 2512 305 2573 da
329 2511 408 2574 ad
430 2512 823 2573 habitandum
849 2512 995 2571 urbe
1022 2507 1369 2573 collocavit.
1449 2510 1644 2573 Hunc
1681 2512 1910 2573 exitum
1933 2510 2138 2576 Viria-
2194 2534 2332 2587 vett.
2351 2536 2430 2585 in-

224 2609 369 2670 thici
404 2609 555 2671 belli
590 2606 992 2669 formidabiles
1030 2608 1135 2669 diu
1176 2618 1369 2670 motus
1412 2609 1691 2669 habuere.
1776 2609 2046 2677 Quorum
2073 2620 2142 2673 ut
2159 2599 2464 2731 ’fflffignfss

225 2706 359 2769 finis
384 2708 749 2787 gratissimus
776 2706 1007 2767 senatui
1044 2706 1387 2788 populoque
1413 2714 1563 2777 erat,
1602 2707 1710 2779 ita,
1746 2725 1868 2788 qua
1889 2725 2136 2786 perven·
2190 2726 2312 2780 Ant.
2335 2730 2442 2779 Au-

222 2810 363 2866 tum'
377 2804 459 2865 ad
486 2804 657 2891 illum
680 2803 915 2875 fuerat,·
935 2805 1037 2864 via
1068 2803 1441 2886 displicebat.
1525 2802 1750 2885 Neque
1772 2803 2135 2886 triumphum
2158 2802 2297 2908 §¹52-
2321 2874 2376 2909 x.

224 2922 299 2963 ex
326 2924 404 2963 eo
428 2903 595 2963 bello
618 2902 933 2963 decernere
966 2910 1201 2962 senatus
1234 2900 1450 2973 voluit,
1474 2902 1649 2981 cuj-us
1671 2900 1945 2973 victoria,
1970 2903 2131 2983 quod
2185 2921 2298 2972 val.
2321 2924 2460 2975 Mu.

224 3008 383 3060 emta
416 2998 646 3071 fuisset,
684 3000 875 3079 magis
904 2998 1364 3061 erubescendum
1394 2998 1620 3081 populo
1643 2996 1925 3061 Romano
1950 3020 2132 3081 quam
2155 2992 2334 3101 ffisst·
2359 3054 2422 3101 de

224 3096 597 3175 gloriandum
626 3096 967 3175 judicabat.
1079 3142 1090 3151 .
2156 3115 2264 3169 Vir.
2277 3117 2462 3167 mum,

298 3200 405 3255 26.
450 3194 603 3255 Erat
636 3196 877 3255 omuino
919 3214 1121 3255 cursus
1159 3192 1267 3254 ille
1306 3194 1661 3273 temporum,
1703 3213 1822 3274 quo
1859 3194 2006 3253 nihil
2049 3214 2128 3255 ex
2339 3194 2345 3201 ’

222 3290 530 3374 Hispania
554 3292 697 3353 satis
720 3300 949 3371 gratum
982 3290 1281 3353 accideret
1312 3289 1567 3351 civitati.
1651 3288 1876 3371 Neque
1900 3288 2136 3351 bellum·

220 3408 295 3449 ex
312 3388 633 3451 commodo
648 3388 989 3471 reipublicae
1006 3398 1157 3461 erat,
1174 3408 1365 3469 neque
1391 3407 1512 3469 pax
1532 3406 1611 3447 ex
1632 3385 1958 3467 dignitate:
1988 3390 2020 3468 j
2027 3408 2126 3449 am

216 3489 395 3549 etiam
421 3488 691 3549 victoriae
715 3488 897 3569 ipsius
920 3486 1199 3547 taedebat.
1284 3483 1485 3545 Auxit
1526 3483 1988 3563 indignationem
2013 3486 2122 3547 ho-

216 3586 439 3645 minum
478 3583 557 3645 de
599 3583 687 3652 Q.
722 3584 1019 3666 Pompeio
1059 3583 1294 3664 sequior
1333 3582 1520 3654 fama,
1560 3583 1666 3661 qui
1708 3582 2122 3644 Lanciensium
2179 3590 2282 3641 Dio
2300 3609 2382 3709 '5'ss

216 3682 355 3742 urbe
391 3682 615 3754 dnum,
653 3683 865 3744 iterum
910 3680 1309 3743 Numantiam
1349 3678 1588 3751 assedit,
1632 3686 1696 3739 et
1733 3688 1954 3741 temere
1994 3700 2120 3741 sus-
2143 3654 2289 3769 ff*

214 3790 451 3862 ceptum
490 3774 801 3841 consilium
835 3778 911 3840 de
946 3778 1129 3839 fluvio
1164 3778 1269 3859 qui
1303 3774 1742 3839 Numantinum
1787 3795 1993 3856 agrum
2038 3777 2121 3837 ri-
2143 3752 2358 3853 Appia.

214 3889 316 3955 gat
370 3878 437 3937 in
492 3896 736 3937 messem
804 3895 1009 3938 eorum
1060 3872 1457 3945 immittendo,
1506 3890 1631 3954 quo
1673 3872 1834 3933 fame
1889 3872 2118 3934 domari

211 3974 421 4037 civitas
460 3984 704 4055 posset„
724 3983 855 4055 post
892 3976 1187 4035 maximas
1228 3968 1609 4033 difficultates
1647 3978 1942 4053 postremo
1982 3971 2115 4053 qui-

270 4166 295 4193 ⁸
326 4158 701 4216 Quum-dean·
730 4174 961 4211 eamn
993 4193 1008 4208 .
1032 4192 1048 4209 .
1071 4192 1121 4211 ..
1198 4170 1293 4209 nos
1320 4161 1615 4207 numerant.
1684 4154 1789 4205 Eos
1825 4161 2110 4219 utcumque

207 4238 401 4287 quorun
439 4226 645 4289 «nuptias
678 4226 860 4291 αρσια]
892 4227 1119 4276 Multum
1198 4224 1250 4274 in
1274 4222 1605 4274 concordiam
1619 4220 1872 4271 reducere
1893 4229 2112 4271 conatur

210 4290 407 4339 variant
424 4290 787 4355 scriptorerde
801 4304 1015 4341 numero
1029 4305 1119 4341 an·
1198 4286 1602 4349 Freinshemius,
1657 4292 1766 4335 tum
1821 4288 1918 4336 boc
1973 4286 2110 4344 loco,

206 4368 383 4403 uorum
411 4355 603 4419 quibus
624 4356 969 4407 Virintbicum
1005 4356 1113 4407 bel·
1200 4362 1311 4404 tum
1358 4354 1413 4405 in
1456 4358 1581 4403 nota
1623 4351 1688 4401 ad
1743 4351 1884 4403 Flor.
1923 4362 1988 4401 n.
2031 4352 2109 4399 1⁷.

206 4417 308 4467 lam
330 4428 531 4482 gentum
556 4430 661 4472 ent.
727 4421 833 4472 Alii
866 4428 1115 4485 quatuor·
1199 4421 1343 4471 Crev-

208 4484 391 4549 decim,
424 4485 513 4535 alii
550 4494 691 4550 octo,
712 4487 800 4537 alii
823 4486 1003 4538 decem
1025 4500 1113 4536 an-
