3225 5242
490 944 2340 1141 SUPPLEMENTUM
2511 866 2524 881 ⁴

1130 1258 1409 1327 LIBRI
1481 1258 1694 1327 LIX.

942 1530 946 1535 ·
986 1508 1571 1589 HISTORIA
1588 1510 1866 1589 RUM

672 1758 789 1851 T.
896 1758 1303 1850 LIVII
1405 1752 2192 1847 PATAVINI.

308 2324 373 2379 1.
414 2286 1010 2379 Pnnunnanwun
1034 2318 1188 2377 inter
1215 2317 1346 2379 haec
1368 2336 1407 2379 a
1431 2314 1517 2378 P.
1544 2314 1824 2398 Scipione
1847 2316 2036 2397 magis
2053 2314 2210 2377 fame
2233 2316 2333 2369 Liv-
2351 2316 2510 2383 Epic·

311 2434 493 2494 quam
530 2414 707 2473 armis
741 2412 1141 2484 Numantini3
1183 2423 1533 2495 orantesque
1565 2422 1672 2474 aut
1711 2434 1967 2496 pugnam
1991 2422 2056 2477 et
2073 2416 2217 2477 viris
2237 2415 2380 2466 Oro·-
2393 2430 2445 2466 v·
2467 2420 2524 2467 ⁷·

308 2510 558 2590 dignum
583 2512 831 2582 exitum,
858 2518 965 2571 aut
986 2510 1325 2571 tolerabiles
1363 2511 1553 2571 libero
1576 2510 1802 2592 populo
1827 2510 2212 2587 conditiones,
2237 2512 2443 2565 Hor-¹1·
2457 2517 2540 2566 18.

310 2616 587 2667 neutrum
615 2607 1103 2689 impetraverantt
1146 2628 1337 2688 neque
1379 2608 1604 2669 donare
1649 2616 1868 2669 certam
1906 2608 2214 2669 victoriam
2269 2608 2487 2676 Appia..

312 2702 551 2765 volente
582 2703 898 2777 Africano,
940 2724 1131 2784 neque
1160 2704 1441 2784 sanguine
1466 2724 1704 2765 suorum
1727 2718 1940 2767 emere.
2021 2704 2220 2785 Igitur
2235 2673 2367 2729 Iber.

312 2820 453 2861 cum
492 2821 572 2860 ex
612 2800 835 2881 oppido
884 2801 1145 2881 quinque
1185 2802 1474 2883 principes
1512 2801 1593 2861 ad
1633 2822 1769 2861 eum
1809 2802 1966 2863 missi
2001 2810 2218 2874 essent,

314 2895 681 2977 Abarusque
706 2897 1019 2976 legationis
1040 2904 1245 2978 caput,
1272 2918 1389 2957 non
1409 2918 1515 2979 pro
1528 2896 1768 2959 fortuna
1782 2907 2086 2979 praesente,
2111 2898 2218 2959 sed

313 3012 391 3053 ex
416 2992 687 3055 instituto
708 2993 893 3055 veteri
918 2994 1109 3073 gentis
1138 2991 1451 3072 magnifice
1477 2993 1733 3066 locutus,
1763 2995 2084 3077 petivisset,
2112 3004 2132 3033 ‘
2149 3005 2219 3058 ut

314 3088 527 3172 Scipio
550 3090 641 3151 vir
664 3090 1034 3161 fortissimus,
1054 3089 1319 3170 ejusdem
1336 3089 1551 3150 indolis
1564 3089 1876 3171 laudisque
1897 3092 2056 3153 viros
2073 3112 2216 3153 con-

312 3196 613 3249 servaret:
658 3196 837 3269 atque
865 3189 927 3247 in
960 3188 1093 3267 ejus
1120 3188 1255 3267 jam
1280 3206 1406 3246 esse
1429 3188 1756 3267 potestate'
1795 3187 2064 3260 dixisset,
2107 3198 2126 3225 ⁶
2149 3198 2219 3251 ut

312 3283 413 3345 vel
457 3283 759 3345 deditione
786 3286 1101 3365 'acciperet
1131 3282 1417 3365 populum
1459 3281 1922 3357 Numantinum,
1945 3284 2044 3345 vel
2070 3304 2217 3369 pug-

314 3381 517 3442 nando
540 3381 769 3442 videret
792 3381 1183 3452 morientem?
1204 3379 1349 3439 nihil
1376 3400 1415 3440 a
1440 3378 1718 3460 Scipione
1742 3401 2078 3463 responsum
2103 3390 2217 3453 eet,

314 3478 427 3537 nisi
454 3486 471 3513 ⁶
494 3478 714 3538 urbem'
737 3485 1089 3557 gentemque
1122 3496 1261 3537 cum
1294 3475 1473 3536 armis
1509 3474 1653 3537 dedi
1685 3479 1993 3558 oportere?
2074 3478 2221 3545 Quo

315 3574 559 3634 enimin
596 3582 755 3635 statu
780 3594 873 3634 res
899 3572 1405 3635 Numantinorum
1438 3580 1654 3644 essent,
1691 3592 1808 3634 non
1831 3576 2058 3637 ratione
2083 3584 2218 3635 tan-

314 3680 441 3731 tum
482 3679 548 3731 et
572 3671 938 3751 conjectura,
974 3668 1080 3731 sed
1115 3668 1295 3730 etiam
1336 3668 1569 3731 indiciis
1598 3671 1967 3752 captivorum
1999 3692 2220 3752 cogno·

316 3776 505 3830 verat.

396 3870 461 3926 2.
506 3862 654 3925 Hoc
699 3862 805 3925 ubi
866 3859 1218 3923 Numantiae
1272 3861 1561 3937 auditum,
1611 3863 1878 3925 homines
1905 3865 2042 3944 jam
2082 3870 2220 3924 ante

318 3981 443 4043 prae
476 3960 877 4041 magnitudine
910 3960 1317 4021 calamitatum
1345 3960 1485 4021 Diis
1507 3961 1958 4043 hominibusque
1983 3954 2216 4033 infensi,

317 4068 443 4119 tum
466 4078 609 4119 vero
630 4056 711 4118 ad
734 4056 1006 4117 ultimam
1029 4056 1455 4138 desperationis
1482 4058 1710 4119 rabiem
1735 4060 1913 4131 versi,
1938 4078 2074 4120 cum
2099 4077 2218 4119 non

317 4154 571 4236 amplius
613 4153 1101 4226 incolumitatem,
1127 4152 1232 4220 sed
1277 4174 1354 4214 ex
1395 4154 1666 4215 vindicta
1701 4156 1904 4217 mortis
1943 4155 2218 4217 solatium

318 4259 666 4332 quaererent,
689 4250 917 4330 legatos
934 4292 947 4307 .
961 4271 1065 4332 per
1098 4249 1269 4340 iram,
1308 4258 1371 4311 et
1414 4250 1558 4331 quia
1586 4250 1738 4313 forte
1761 4252 1838 4312 de
1874 4273 1984 4314 sua
2024 4251 2218 4313 salute

318 4349 587 4430 privatim
630 4356 835 4431 pactos
863 4346 1209 4421 credebant,
1250 4345 1643 4411 interficiunt:
1685 4349 2034 4433 erumpendi
2073 4368 2218 4411 con·
