3225 5242
715 546 894 615 4222
1674 566 1745 615 r.
1794 566 1989 617 mvn

712 705 906 757 suun.
1125 710 1224 767 85.
1271 704 1606 767 Defunctus
1626 708 1848 787 ingenti
1866 707 2127 789 periculo
2152 706 2401 788 Grypus
2422 706 2758 778 videbatur,
2784 706 2947 787 quod

1041 802 1258 863 aemulo
1283 802 1542 875 sublato,
1567 805 1731 865 solus
1763 805 2034 866 universa
2072 803 2253 884 Syria
2290 803 2417 864 sine
2442 812 2601 865 metu
2624 803 2913 885 potiretur
2928 824 2947 863 ι

1037 919 1176 960 cum
1203 900 1356 960 inter
1390 900 1750 961 blandientis
1772 900 2023 961 fortuna
2056 900 2326 971 delicias,
2362 900 2539 981 longe
2574 902 2945 982 prasentius,

1039 994 1200 1055 unde
1225 1016 1344 1056 non
1370 997 1711 1069 timebatur,
1736 997 2004 1057 oblamm
2028 996 2357 1079 periculum
2382 1006 2491 1057 est.
2573 996 2779 1057 Mater
2798 996 2948 1075 regis

1042 1090 1391 1171 Cleopatra,
1417 1092 1631 1154 mulier
1654 1113 1858 1153 omnes
1896 1092 2145 1153 affectus
2178 1092 2495 1174 cupiditati
2530 1092 2951 1153 dominationi

1041 1190 1392 1271 posthabere
1437 1191 1637 1263 solita,
1664 1192 1769 1251 ubi
1813 1190 2063 1252 victoria
2114 1192 2445 1253 excitatum
2489 1189 2949 1261 adolescentem,

1043 1308 1158 1349 non
1175 1290 1308 1367 jam
1337 1289 1570 1349 nomine
1595 1298 1851 1361 tantum,
1876 1288 1981 1351 sed
2006 1290 2185 1351 etiam
2220 1288 2421 1350 animo
2458 1288 2621 1367 regio
2644 1306 2951 1369 capenere

1041 1384 1466 1465 rempublicam
1491 1385 1677 1457 videt,
1718 1394 2073 1447 venenatum
2108 1384 2385 1468 poculum
2418 1385 2499 1445 ab
2520 1385 2951 1445 exercitatione

1039 1480 1260 1541 sitienti
1287 1480 1480 1541 offert.
2932 1536 2947 1549 .

1121 1583 1224 1637 ³6.
1268 1576 1416 1649 Ine,
1453 1597 1792 1659 quanquam
1818 1576 2055 1657 prodita
2078 1596 2173 1637 res
2194 1597 2237 1636 a
2256 1576 2493 1637 conscio
2528 1576 2745 1647 fuerat,
2786 1578 2953 1655 igno-

1045 1674 1298 1733 rantiam
1327 1672 1638 1744 simulans,
1656 1674 1833 1753 ‘quasi
1866 1674 2101 1733 honoris
2128 1692 2331 1743 causa,
2358 1673 2560 1733 bibere
2595 1672 2767 1733 illam
2792 1673 2953 1753 prio-

1043 1788 1165 1829 rem
1199 1770 1400 1849 jubet.
1483 1768 1827 1829 Recusante
1868 1768 2133 1839 muliere,
2169 1788 2307 1829 oum
2332 1768 2449 1829 hoe
2472 1768 2665 1849 ipsum
2694 1788 2801 1849 pro
2824 1788 2951 1827 ma-

1043 1865 1252 1926 nifesto
1277 1866 1514 1926 sceleris
1537 1874 1883 1945 arg-umento
1910 1864 2257 1944 accepisset,
2292 1866 2485 1925 aerius
2514 1864 2715 1925 instat.
2798 1864 2955 1924 Per·

1043 1970 1294 2040 negante
1329 1962 1460 2033 illa,
1503 1972 1797 2043 postremo
1838 1960 2113 2043 producit
2146 1960 2425 2033 indicem,
2462 1968 2547 2031 et,
2590 1970 2609 1995 ‘
2636 1960 2771 2021 Hic
2814 1964 2959 2031 me,'

1045 2057 1259 2137 inquit,
1301 2067 1319 2093 ⁶
1339 2058 1604 2119 oblatam
1630 2079 1673 2118 a
1706 2066 1765 2119 te
1788 2058 2085 2139 potionem
2112 2056 2385 2139 accipere
2405 2066 2575 2117 vetat
2592 2076 2613 2115 ι
2652 2055 2802 2117 nihil
2826 2076 2957 2117 ma-

1044 2152 1172 2226 lim,
1219 2174 1398 2235 quam
1441 2156 1813 2216 innocentem
1858 2164 1918 2216 te
1960 2154 2223 2236 reperiri.
2332 2152 2557 2233 Neque
2602 2153 2961 2231 ambagibus

1043 2270 1210 2328 opus.
1287 2250 1488 2311 Unica
1519 2251 1847 2331 eademque
1888 2250 2224 2331 aequissima
2258 2248 2521 2310 defensio
2550 2258 2663 2321 est,
2690 2250 2766 2321 si,
2790 2249 2961 2327 quod

1043 2346 1331 2420 obtulisti,
1356 2347 1546 2407 bibas.
1601 2346 1787 2415 Quod
1810 2366 1922 2425 ego
1940 2345 2089 2405 citra
2108 2346 2438 2427 periculum
2456 2355 2752 2405 sumturus
2766 2364 2929 2405 eram
2936 2388 2959 2417 ,

1045 2444 1226 2503 etiam
1263 2444 1374 2504 tibi
1411 2464 1528 2503 non
1561 2444 1771 2503 oberit.
1852 2441 1959 2502 Sin
1996 2462 2142 2502 vero
2177 2462 2297 2501 non
2332 2442 2701 2503 innocentius
2740 2440 2961 2523 poculo

1047 2558 1228 2617 quam
1271 2559 1410 2601 arcu
1462 2540 1667 2611 uteris,
1710 2558 1975 2600 recusare
2018 2558 2137 2599 non
2182 2548 2376 2619 potes,
2421 2537 2757 2617 quominus,
2791 2537 2963 2619 quod

721 2648 967 2715 ·Appisn.
1049 2633 1176 2695 filio
1201 2636 1504 2707 miscuisti,
1529 2644 1721 2696 mater
1745 2634 2021 2695 haurias!
2063 2634 2189 2719 ‘Ita
2199 2634 2427 2695 factum
2444 2635 2727 2697 vindictae
2744 2636 2961 2695 instra-

717 2712 832 2779 ³5¹'·
1047 2740 1306 2793 mentum
1333 2740 1446 2803 est,
1471 2732 1634 2812 quod
1659 2731 1935 2792 facinoris
1958 2750 2083 2791 esse
2102 2730 2427 2793 debuerat:
2452 2733 2841 2811 extinctaque
2864 2752 2962 2791 re-

723 2842 906 2907 Poeph.
1049 2828 1190 2907 gina
1232 2829 1657 2891 Philometoris
1696 2850 1986 2909 agnomen
2012 2828 2137 2891 filio
2163 2829 2325 2911 apud
2346 2830 2570 2892 dicacis
2604 2831 2827 2909 ingenii
2850 2850 2959 2911 po-

724 2937 905 2989 Jufin.
1048 2925 1255 3006 pulum
1279 2926 1464 2987 dedit.
1536 2926 1697 2988 Post
1718 2926 1847 2987 haec
1872 2946 1975 3007 per
1998 2937 2137 2989 octo
2160 2926 2343 2988 ferme
2366 2922 2586 2988 annos⁴
2606 2928 2815 3009 quieta
2840 2928 2963 3009 Sy·

1045 3024 1136 3083 ria
1175 3024 1326 3085 fuit:
1369 3023 1559 3084 donec
1601 3032 1789 3084 matre
1831 3024 1989 3103 regis
2026 3034 2089 3085 et
2124 3034 2333 3105 patruo
2360 3025 2595 3105 genitus
2619 3023 2961 3087 Antiocho

1047 3119 1224 3182 solita
1247 3120 1340 3183 illi
1363 3120 1606 3181 familiae
1630 3122 1957 3183 certamina
1982 3123 2349 3183 instauraret.

756 3215 942 3269 suun.
1130 3222 1232 3279 87.
1276 3217 1502 3279 Iisdem
1540 3218 1907 3299 temporibus
1932 3218 2335 3291 Mithridates,
2364 3220 2470 3299 qui
2497 3218 2713 3299 Magni
2740 3240 2959 3300 cogno-

1009 3314 1026 3333 ⁰
1049 3334 1182 3375 men
1207 3314 1497 3375 factorum
1525 3324 1588 3374 et
1622 3315 1851 3396 imperii
1884 3316 2277 3397 amplitudine
2310 3317 2545 3387 meruit,
2584 3328 2727 3398 post
2756 3337 2957 3379 necem

1047 3410 1230 3491 patris
1271 3410 1528 3491 perfidos
1563 3420 1785 3473 tutores
1812 3422 2045 3485 nactus,
2084 3434 2405 3496 eorumque
2436 3414 2697 3475 vitandis
2732 3414 2959 3475 insidi'u

1049 3504 1422 3586 prudentiam
1463 3528 1536 3569 ac
1578 3508 1857 3569 virtutem
1898 3518 2142 3569 coacms
2180 3510 2505 3580 intendere,
2546 3510 2745 3590 major
2784 3520 2959 3591 atque

1049 3602 1258 3663 melior
1293 3604 1506 3675 evasit,
1543 3624 1727 3684 quam
1758 3607 1809 3665 si
1843 3625 1883 3665 a
1911 3604 2475 3667 benevolentissimis
2502 3605 2713 3667 suimet
2744 3606 2955 3667 educa·

1115 3808 1142 3843 ⁴¹
1173 3806 1278 3859 Per
1295 3815 1398 3860 octo
1407 3808 1568 3871 Jeme
1585 3810 1757 3875 suos]
1786 3812 1969 3864 Prima
2032 3812 2195 3875 ferne
2207 3830 2227 3862 .-
2258 3826 2377 3879 quai
2398 3812 2581 3863 notula
2600 3828 2635 3863 s
2654 3814 2837 3878 primis
2856 3813 2953 3865 edi·

1049 3872 1216 3923 editio
1243 3888 1334 3939 per
1361 3878 1538 3939 aliquot
1557 3890 1737 3926 assos.-
1772 3879 1967 3943 Doujs·
2046 3878 2249 3931 toribus
2303 3878 2562 3941 neglects,
2617 3893 2652 3928 s
2710 3879 2950 3943 Doujatio

1048 3938 1214 4051 :2:⁸’
1243 3940 1966 4067 mjff??:„ae‡:.{.”„:::;
2047 3944 2485 4071 'ffaoessejssssiffl
2534 3942 2734 4058 ¹:⁰02?
2764 3940 2952 4073 &⁹⁶⁶2

1047 4066 1166 4117 bac
1221 4068 1429 4118 videtur
1478 4083 1616 4131 esse,
1656 4071 1793 4135 quod
1846 4087 1965 4123 enm
2044 4088 2159 4139 que
2214 4072 2409 4122 inutilis
2452 4080 2540 4121 est
2582 4074 2671 4123 nbi
2716 4086 2949 4123 numeras

1051 4132 1434 4183 Freinshemius
1471 4135 1639 4199 primo
1671 4136 1967 4200 scripsisset
2042 4136 2375 4202 exprimitur.
2438 4136 2643 4187 Similis
2664 4136 2775 4201 jam
2811 4138 2953 4187 addi·

1045 4210 1138 4259 per
1169 4197 1350 4260 aliquot
1391 4213 1556 4260 sams,
1597 4208 1799 4265 postea,
1840 4202 1965 4253 dum
2046 4209 2277 4252 tamenta
2296 4202 2569 4265 notuissve
2596 4202 2759 4265 ipsius
2782 4204 2951 4252 Frein-

1053 4262 1376 4323 reeoguoscit
1405 4277 1536 4325 opus
1557 4278 1729 4331 suum,
1756 4266 1967 4331 adjece-
2046 4268 2227 4317 shemii
2251 4276 2360 4317 tres
2378 4266 2765 4317 observavimus
2786 4268 2819 4315 Ι.
2836 4279 2881 4317 r..
2898 4278 2951 4316 e.

1052 4324 1124 4372 rit
1159 4326 1212 4373 in
1253 4329 1450 4375 notnlae
1483 4324 1701 4378 forma·
1736 4330 1789 4379 id
1823 4332 1965 4397 qnod
2042 4336 2129 4382 25.
2146 4334 2181 4382 1.
2204 4345 2327 4383 uu.
2350 4345 2399 4382 c.
2420 4334 2470 4382 9.
2492 4340 2551 4383 et
2566 4332 2603 4380 l.
2621 4344 2785 4382 uui.
2802 4346 2844 4381 e.
2864 4334 2950 4382 52.

1053 4388 1192 4453 apud
1219 4389 1485 4442 ,lustinum
1521 4394 1843 4461 reperiebqt,
1862 4401 1967 4447 octe
2050 4398 2197 4448 Creo.
