3225 5242
646 539 825 608 4⁰94

1588 555 1662 604 τ.
1707 535 1902 604 uv'n

972 705 1067 760 tra
1106 703 1339 761 tentata
1380 715 1485 779 spe
1522 687 1688 779 pacis
1725 705 1794 764 et,
1821 694 2248 770 conditionum,
2293 703 2518 756 certare
2567 694 2731 776 prins
2769 711 2880 759 cu»

972 796 1223 875 pientes,
1257 813 1443 876 quam
1485 795 1750 858 hostibus
1784 794 1974 875 magis
2013 794 2195 854 etiam
2233 795 2332 870 (nt
2361 791 2629 875 quotidie
2665 790 2877 868 fiebat)

974 893 1155 954 animi
1178 901 1530 964 crescerent,
1556 893 1845 954 instructa
1867 893 1996 953 acie
2020 891 2328 972 progressi,
2354 891 2590 972 copiam
2614 909 2884 971 pugnan-

972 989 1037 1050 di
1062 1010 1167 1072 per
1190 990 1410 1052 multos
1444 989 1576 1050 dies
1600 989 1798 1051 facere
1831 1009 1950 1051 non
1972 988 2344 1051 destiterunt.
2427 988 2650 1048 Fixum
2673 997 2884 1050 contra.

972 1085 1105 1148 ιιι»
1120 1069 1597 1168 daun-namque
1623 1086 1892 1168 Scipioni
1925 1085 2062 1158 fuit,
2088 1085 2241 1148 fem
2267 1085 2468 1168 potius
2489 1103 2660 1144 auum
2679 1083 2882 1166 pubii-

970 1203 1225 1265 cumqne
1246 1183 1539 1258 dolorem,
1556 1203 1738 1265 quam
1763 1183 2009 1267 ancipiti
2034 1182 2292 1245 remedio
2306 1182 2610 1260 solicitare
2629 1180 2880 1256 malum,

972 1281 1139 1363 quod
1177 1281 1469 1364 patientia.
1502 1301 1785 1363 moreque
1817 1301 1938 1344 non
1976 1280 2296 1343 dubitabat
2325 1279 2657 1362 expugnari
2687 1297 2881 1359 posse.

974 1377 1293 1442 Didicerat
1326 1378 1485 1442 enim
1520 1397 1628 1440 eos
1671 1398 1788 1440 non
1821 1387 1947 1440 tam
1989 1377 2071 1440 ad
2109 1397 2370 1458 pugnam
2409 1395 2592 1457 quem
2629 1383 2882 1435 mortem

972 1494 1144 1538 ruere
1166 1473 1511 1548 ἀφῖξαι-ο,
1527 1476 1873 1537 convivatus
1896 1475 2054 1556 prins
2067 1461 2232 1534 'inter
2253 1494 2319 1534 se
2343 1483 2630 1553 tanquam
2655 1479 2882 1552 postre—

973 1589 1075 1634 ma
1095 1569 1425 1652 voluptate,
1451 1570 1824 1654 repletosque
1849 1580 1990 1653 potu
2017 1569 2225 1632 celim:
2255 1571 2345 1632 sic
2371 1577 2591 1632 vocant
2615 1568 2882 1649 Hispani

910 1659 917 1674 “
973 1666 1274 1747 potionem
1300 1687 1379 1728 ex
1402 1665 1716 1730 frumento.

1052 1768 1157 1826 23.
1183 1761 1381 1844 Igitur
1396 1772 1460 1824 et
1480 1763 1740 1825 bostium
1761 1765 2058 1836 convicia,
2078 1773 2142 1824 et
2165 1781 2402 1824 snorum
2427 1781 2632 1844 preces
2651 1759 2884 1824 facetiis

970 1855 1300 1921 eludebat:
1342 1867 1363 1896 ‘
1392 1860 1728 1922 inmotum
1751 1879 1902 1933 ease,
1928 1879 2138 1922 mantis
2157 1877 2460 1923 conserere
2497 1877 2639 1921 cum
2670 1857 2882 1940 despe-

974 1955 1141 2028 ratis,
1167 1973 1349 2036 quam
1388 1955 1650 2018 inclusos
1691 1958 1940 2037 penuria
1977 1966 2042 2019 et
2081 1955 2284 2018 inedia
2313 1975 2653 2018 conmanere
2677 1955 2883 2016 malle.

976 2047 1111 2112 Sibi
1134 2050 1375 2132 quidem
1402 2052 1549 2113 mire
1576 2054 1810 2134 probari
1846 2055 2031 2136 patris
2055 2055 2146 2114 sui
2173 2054 2244 2116 L.
2271 2052 2484 2117 Paulli
2505 2053 2880 2126 sententiam,

888 2177 904 2196 ·
974 2147 1081 2227 qui
1106 2148 1414 2228 negaverit
1443 2168 1581 2210 cum
1614 2149 1782 2212 hoste
1809 2150 2188 2232 pugnandum
2211 2170 2360 2244 eme,
2388 2151 2500 2210 nisi
2521 2169 2752 2212 summa
2773 2169 2878 2210 ne-

972 2244 1239 2318 cessitas,
1266 2254 1375 2308 aut
1394 2265 1622 2308 summa
1649 2248 1886 2309 occasio
1909 2247 2213 2310 affiiisset?
2293 2245 2480 2315 Quod
2503 2267 2583 2308 ex
2617 2267 2718 2308 ore
2745 2246 2880 2308 Sci·
2981 2262 2993 2273 ·

752 2357 797 2390 n
901 2376 915 2392 ·
974 2339 1169 2419 pionis
1196 2351 1513 2424 exceptum
1553 2342 1936 2426 Sempronius
1962 2343 2223 2417 Asellio,
2248 2344 2354 2426 qui
2377 2345 2648 2406 tribunus
2669 2345 2732 2404 in
2760 2343 2882 2418 illis

971 2437 1181 2500 castris
1216 2439 1451 2512 meruit,
1486 2441 1811 2501 annotavit.
1911 2439 2085 2502 Huic
2123 2441 2338 2502 rationi
2381 2450 2518 2502 tam-
2539 2449 2882 2503 constanter

972 2541 1215 2615 tamque
1256 2545 1423 2598 certa
1452 2533 1676 2600 fiducia
1701 2535 2162 2609 adhaeresoebat,
2191 2548 2257 2599 ut
2277 2537 2602 2619 aliquando
2625 2537 2878 2619 pabula·

648 2639 757 2689 LIv.
786 2637 919 2706 Epit-
972 2638 1099 2692 tum
1140 2651 1403 2712 egressos
1439 2633 1660 2706 hostes,
1685 2651 1822 2696 cum
1855 2636 2184 2714 opprimere
2225 2646 2440 2715 ponet,
2485 2633 2734 2696 interfici
2775 2656 2879 2695 ve-

648 2920 851 2972 Seneca.

648 2985 693 3034 A
698 2987 865 3052 ppian·

682 3317 847 3369 Front-

647 3383 789 3436 Strat-
809 3389 931 3438 xva

645 3612 862 3681 Appian-

648 3801 793 3856 Oros.

646 4379 777 4432 Flor-
834 4353 849 4366 α

969 2727 1171 2800 tuerit,
1213 2737 1232 2764 ‘
1259 2728 1439 2790 citius
1473 2730 1847 2792 absunt-uros
1887 2751 2012 2792 esse
2047 2730 2211 2812 quod
2253 2733 2538 2794 haberent
2565 2731 2844 2793 frumenti
2863 2732 2880 2759 ’

973 2823 1277 2897 dictitans,
1320 2833 1339 2862 ‘
1366 2826 1416 2886 si
1440 2825 1638 2907 plures
1660 2825 1944 2888 hbent?

1052 2925 1153 2982 24.
1196 2919 1356 2982 Eum
1373 2921 1454 2983 ad
1476 2921 1659 2984 finem
1684 2923 2134 2986 circumvallare
2157 2925 2362 2984 urbem
2391 2925 2662 2998 instituit,
2689 2926 2880 2988 missis

972 3015 1195 3078 circum
1244 3017 1439 3080 socios
1488 3019 1762 3101 populos,
1813 3021 1918 3101 qni
1967 3018 2194 3082 auxilia
2243 3021 2532 3103 imperata
2579 3033 2878 3102 cogerent.

976 3109 1242 3193 Singulis
1264 3115 1445 3188 enim,
1467 3126 1758 3196 quantum
1783 3117 1862 3177 ab
1885 3136 2240 3198 unoquoque
2264 3118 2566 3180 bominum
2589 3120 2880 3213 cujusque

972 3211 1203 3288 generis
1228 3212 1387 3274 mitti
1410 3211 1620 3284 vellet,
1651 3223 2032 3295 praeceperat.
2115 3213 2470 3278 Funditores
2499 3218 2758 3278 maxime
2783 3237 2880 3277 sa-

972 3305 1331 3388 ginariique‘
1357 3309 1744 3390 petebantur:
1788 3331 1956 3391 qnos,
2003 3310 2105 3372 ubi
2145 3321 2455 3384 venerunt,
2495 3334 2604 3375 suo
2641 3333 2882 3394 quoque

932 3419 949 3438 ·
972 3402 1239 3464 exercitu
1267 3405 1433 3466 varie
1459 3403 1670 3478 diviso,
1695 3407 1970 3468 omnibus
1993 3427 2108 3468 non
2125 3408 2471 3484 cohortibus
2491 3418 2747 3481 tantum,
2773 3409 2904 3470 sed·

969 3497 1153 3560 etiam
1210 3502 1493 3562 centuriis
1545 3503 1914 3584 interposuit.
2015 3504 2346 3585 Assignata
2393 3505 2614 3568 deinde
2662 3507 2878 3588 cuique

972 3595 1175 3658 manni
1198 3605 1366 3676 parte
1388 3599 1605 3679 operis,
1628 3619 1804 3681 quam
1831 3599 2076 3662 deberet
2098 3600 2399 3683 perficere,
2419 3603 2576 3665 fossa
2598 3603 2878 3684 valloque

970 3693 1391 3756 circumvenire
1420 3695 1624 3756 urbem
1647 3697 1850 3777 coepit.

1051 3793 1155 3852 2⁶.
1198 3789 1350 3853 Erat
1386 3792 1449 3852 in
1490 3791 1646 3854 colle
1691 3795 1807 3856 sita
1845 3793 2202 3867 Numantia,
2237 3796 2352 3856 tria
2385 3817 2662 3878 passuum
2687 3795 2880 3862 millia

966 3885 1398 3970 complectente
1424 3890 1690 3952 ambitu:
1731 3892 1856 3954 sive
1885 3900 2076 3952 totum
2113 3891 2261 3952 illud
2302 3895 2558 3974 spatium
2596 3893 2874 3956 refertum

968 3983 1236 4046 aedificiis
1258 3985 1399 4061 fuit,
1426 3987 1551 4049 sive
1590 3989 1786 4052 verior
1820 3999 1912 4050 est
1943 3991 2168 4071 opinio,
2194 3989 2522 4052 habitatam
2551 3992 2714 4054 urbis
2739 4013 2874 4076 par-

967 4088 1089 4140 tem
1116 4103 1225 4170 pro
1253 4086 1551 4165 paucitate
1578 4085 1892 4148 hominum·
1911 4085 2086 4167 longe
2113 4087 2396 4149 minorem
2419 4087 2632 4160 fuisse:
2675 4101 2880 4151 cetera

967 4177 1115 4239 belli
1152 4188 1415 4261 tempore
1457 4183 1768 4266 pecoribus
1812 4184 2064 4256 alendis,
2106 4195 2213 4247 ant
2251 4188 2582 4248 exercendo
2615 4190 2878 4250 securius

971 4291 1117 4356 agro
1136 4273 1451 4340 destinata.
1538 4279 1744 4342 Etiam
1779 4265 1946 4344 muro
1975 4284 2232 4346 cinctam
2257 4283 2437 4346 fuisse
2473 4283 2874 4348 Numantiam

972 4381 1107 4434 sunt
1130 4373 1235 4455 qui
1258 4385 1509 4456 negent:
1554 4379 1628 4440 iis
1667 4378 1817 4440 forte
1843 4379 2173 4454 credentes,
2189 4383 2294 4463 qui
2319 4382 2606 4463 quosdam
2633 4384 2710 4444 ad
2739 4383 2873 4446 Du·
