<?xml version="1.0" encoding="UTF-8"?>
<!DOCTYPE html PUBLIC "-//W3C//DTD XHTML 1.0 Transitional//EN"
    "http://www.w3.org/TR/xhtml1/DTD/xhtml1-transitional.dtd">
<html xmlns="http://www.w3.org/1999/xhtml" xml:lang="en" lang="en">
 <head>
  <title>
</title>
<meta http-equiv="Content-Type" content="text/html;charset=utf-8" />
  <meta name='ocr-system' content='tesseract 3.04.00' />
  <meta name='ocr-capabilities' content='ocr_page ocr_carea ocr_par ocr_line ocrx_word'/>
</head>
<body>
  <div class='ocr_page' id='page_1' title='image "./tliviipatavinih36unkngoog_0402.png"; bbox 0 0 3225 5242; ppageno 0'>
   <div class='ocr_carea' id='block_1_1' title="bbox 712 576 1986 649">
    <p class='ocr_par' dir='ltr' id='par_1_1' title="bbox 712 576 1986 649">
     <span class='ocr_line' id='line_1_1' title="bbox 712 576 1986 649; baseline 0.003 -4"><span class='ocrx_word' id='word_1_1' title='bbox 712 576 890 646; x_wconf 72' lang='lat'><strong>4348</strong></span> <span class='ocrx_word' id='word_1_2' title='bbox 1678 600 1749 648; x_wconf 73' lang='grc' dir='ltr'><strong>τ.</strong></span> <span class='ocrx_word' id='word_1_3' title='bbox 1796 599 1986 649; x_wconf 75' lang='lat' dir='ltr'><strong>mvn</strong></span> 
     </span>
    </p>
   </div>
   <div class='ocr_carea' id='block_1_2' title="bbox 698 738 2949 4193">
    <p class='ocr_par' dir='ltr' id='par_1_2' title="bbox 1031 738 2949 909">
     <span class='ocr_line' id='line_1_2' title="bbox 1031 738 2949 825; baseline 0.001 -24"><span class='ocrx_word' id='word_1_4' title='bbox 1031 739 1180 801; x_wconf 82' lang='lat' dir='ltr'><strong>bara</strong></span> <span class='ocrx_word' id='word_1_5' title='bbox 1205 738 1334 800; x_wconf 82' lang='lat' dir='ltr'><strong>ulla</strong></span> <span class='ocrx_word' id='word_1_6' title='bbox 1361 740 1645 803; x_wconf 78' lang='lat' dir='ltr'><strong>sustinere</strong></span> <span class='ocrx_word' id='word_1_7' title='bbox 1681 744 1841 804; x_wconf 84' lang='lat' dir='ltr'><strong>acies</strong></span> <span class='ocrx_word' id='word_1_8' title='bbox 1874 743 2087 825; x_wconf 87' lang='lat' dir='ltr'><strong>potuit,</strong></span> <span class='ocrx_word' id='word_1_9' title='bbox 2122 740 2331 803; x_wconf 81' lang='lat' dir='ltr'><strong>vestris</strong></span> <span class='ocrx_word' id='word_1_10' title='bbox 2354 740 2629 802; x_wconf 80' lang='lat' dir='ltr'><strong>manibus</strong></span> <span class='ocrx_word' id='word_1_11' title='bbox 2653 750 2949 823; x_wconf 81' lang='lat' dir='ltr'><strong>prostrata</strong></span> 
     </span>
     <span class='ocr_line' id='line_1_3' title="bbox 1031 846 2120 909; baseline 0.012 -13"><span class='ocrx_word' id='word_1_12' title='bbox 1031 846 1190 898; x_wconf 80' lang='lat' dir='ltr'><strong>sunt.</strong></span> <span class='ocrx_word' id='word_1_13' title='bbox 2112 897 2120 909; x_wconf 83' lang='lat'><strong>.</strong></span> 
     </span>
    </p>

    <p class='ocr_par' dir='ltr' id='par_1_3' title="bbox 1025 932 2947 1789">
     <span class='ocr_line' id='line_1_4' title="bbox 1111 932 2941 1016; baseline 0.001 -23"><span class='ocrx_word' id='word_1_14' title='bbox 1111 939 1214 997; x_wconf 80' lang='lat'><strong>27.</strong></span> <span class='ocrx_word' id='word_1_15' title='bbox 1257 942 1275 969; x_wconf 80' lang='lat'><em>⁶</em></span> <span class='ocrx_word' id='word_1_16' title='bbox 1303 933 1400 993; x_wconf 89' lang='lat' dir='ltr'><strong>Hi</strong></span> <span class='ocrx_word' id='word_1_17' title='bbox 1445 934 1831 996; x_wconf 84' lang='lat' dir='ltr'><strong>barbarorum</strong></span> <span class='ocrx_word' id='word_1_18' title='bbox 1886 935 2147 997; x_wconf 86' lang='lat' dir='ltr'><strong>omnium</strong></span> <span class='ocrx_word' id='word_1_19' title='bbox 2196 934 2611 1016; x_wconf 66' lang='lat' dir='ltr'><strong>pugnaciaeimi</strong></span> <span class='ocrx_word' id='word_1_20' title='bbox 2662 932 2941 1003; x_wconf 72' lang='lat' dir='ltr'><strong>fueruntz</strong></span> 
     </span>
     <span class='ocr_line' id='line_1_5' title="bbox 1033 1014 2945 1109; baseline 0.002 -21"><span class='ocrx_word' id='word_1_21' title='bbox 1033 1048 1282 1109; x_wconf 89' lang='lat' dir='ltr'><strong>quorum</strong></span> <span class='ocrx_word' id='word_1_22' title='bbox 1305 1027 1505 1102; x_wconf 84' lang='lat' dir='ltr'><strong>clade,</strong></span> <span class='ocrx_word' id='word_1_23' title='bbox 1529 1031 1755 1091; x_wconf 77' lang='lat' dir='ltr'><strong>credite</strong></span> <span class='ocrx_word' id='word_1_24' title='bbox 1774 1032 1919 1091; x_wconf 83' lang='lat' dir='ltr'><strong>mihi</strong></span> <span class='ocrx_word' id='word_1_25' title='bbox 1940 1014 2177 1102; x_wconf 72' lang='lat' dir='ltr'><strong>milite&#39;s,</strong></span> <span class='ocrx_word' id='word_1_26' title='bbox 2200 1030 2477 1092; x_wconf 85' lang='lat' dir='ltr'><strong>Cimbros</strong></span> <span class='ocrx_word' id='word_1_27' title='bbox 2500 1032 2681 1091; x_wconf 82' lang='lat' dir='ltr'><strong>etiam</strong></span> <span class='ocrx_word' id='word_1_28' title='bbox 2696 1040 2761 1091; x_wconf 88' lang='lat' dir='ltr'><strong>et</strong></span> <span class='ocrx_word' id='word_1_29' title='bbox 2780 1030 2945 1091; x_wconf 88' lang='lat' dir='ltr'><strong>Hel-</strong></span> 
     </span>
     <span class='ocr_line' id='line_1_6' title="bbox 1029 1125 2945 1208; baseline 0.002 -23"><span class='ocrx_word' id='word_1_30' title='bbox 1029 1125 1516 1187; x_wconf 78' lang='lat' dir='ltr'><strong>vetiosvicimus.</strong></span> <span class='ocrx_word' id='word_1_31' title='bbox 1599 1127 1793 1207; x_wconf 85' lang='lat' dir='ltr'><strong>Cujus</strong></span> <span class='ocrx_word' id='word_1_32' title='bbox 1818 1128 2085 1189; x_wconf 83' lang='lat' dir='ltr'><strong>victoriae</strong></span> <span class='ocrx_word' id='word_1_33' title='bbox 2107 1125 2573 1205; x_wconf 68' lang='lat' dir='ltr'><strong>magnitudinem</strong></span> <span class='ocrx_word' id='word_1_34' title='bbox 2596 1147 2791 1208; x_wconf 88' lang='lat' dir='ltr'><strong>neque</strong></span> <span class='ocrx_word' id='word_1_35' title='bbox 2812 1148 2945 1199; x_wconf 88' lang='lat' dir='ltr'><strong>nos,</strong></span> 
     </span>
     <span class='ocr_line' id='line_1_7' title="bbox 1029 1222 2947 1307; baseline 0.001 -24"><span class='ocrx_word' id='word_1_36' title='bbox 1029 1222 1110 1283; x_wconf 81' lang='lat' dir='ltr'><strong>ad</strong></span> <span class='ocrx_word' id='word_1_37' title='bbox 1145 1223 1381 1284; x_wconf 87' lang='lat' dir='ltr'><strong>edenda</strong></span> <span class='ocrx_word' id='word_1_38' title='bbox 1412 1244 1594 1305; x_wconf 84' lang='lat' dir='ltr'><strong>qnam</strong></span> <span class='ocrx_word' id='word_1_39' title='bbox 1636 1224 2019 1306; x_wconf 81' lang='lat' dir='ltr'><strong>praedicanda</strong></span> <span class='ocrx_word' id='word_1_40' title='bbox 2040 1222 2208 1285; x_wconf 86' lang='lat' dir='ltr'><strong>clara</strong></span> <span class='ocrx_word' id='word_1_41' title='bbox 2232 1224 2502 1287; x_wconf 81' lang='lat' dir='ltr'><strong>facinora</strong></span> <span class='ocrx_word' id='word_1_42' title='bbox 2524 1226 2806 1307; x_wconf 85' lang='lat' dir='ltr'><strong>aptiores,</strong></span> <span class='ocrx_word' id='word_1_43' title='bbox 2834 1246 2947 1306; x_wconf 80' lang='lat' dir='ltr'><strong>pro</strong></span> 
     </span>
     <span class='ocr_line' id='line_1_8' title="bbox 1028 1319 2943 1402; baseline 0.002 -23"><span class='ocrx_word' id='word_1_44' title='bbox 1028 1320 1250 1381; x_wconf 85' lang='lat' dir='ltr'><strong>meritis</strong></span> <span class='ocrx_word' id='word_1_45' title='bbox 1281 1340 1578 1402; x_wconf 76' lang='lat' dir='ltr'><strong>exponere</strong></span> <span class='ocrx_word' id='word_1_46' title='bbox 1611 1340 1951 1401; x_wconf 84' lang='lat' dir='ltr'><strong>possumus:</strong></span> <span class='ocrx_word' id='word_1_47' title='bbox 1994 1330 2057 1381; x_wconf 89' lang='lat' dir='ltr'><strong>et</strong></span> <span class='ocrx_word' id='word_1_48' title='bbox 2090 1322 2203 1381; x_wconf 85' lang='lat' dir='ltr'><strong>hoc</strong></span> <span class='ocrx_word' id='word_1_49' title='bbox 2238 1319 2449 1383; x_wconf 89' lang='lat' dir='ltr'><strong>melius</strong></span> <span class='ocrx_word' id='word_1_50' title='bbox 2480 1322 2661 1382; x_wconf 84' lang='lat' dir='ltr'><strong>tantis</strong></span> <span class='ocrx_word' id='word_1_51' title='bbox 2698 1331 2943 1383; x_wconf 87' lang='lat' dir='ltr'><strong>exemta</strong></span> 
     </span>
     <span class='ocr_line' id='line_1_9' title="bbox 1027 1416 2943 1498; baseline 0.001 -22"><span class='ocrx_word' id='word_1_52' title='bbox 1027 1416 1308 1497; x_wconf 87' lang='lat' dir='ltr'><strong>periculis</strong></span> <span class='ocrx_word' id='word_1_53' title='bbox 1343 1420 1557 1498; x_wconf 85' lang='lat' dir='ltr'><strong>patria,</strong></span> <span class='ocrx_word' id='word_1_54' title='bbox 1583 1416 1977 1498; x_wconf 87' lang='lat' dir='ltr'><strong>florentesque</strong></span> <span class='ocrx_word' id='word_1_55' title='bbox 2002 1416 2283 1479; x_wconf 80' lang='lat' dir='ltr'><strong>facundia</strong></span> <span class='ocrx_word' id='word_1_56' title='bbox 2321 1418 2435 1478; x_wconf 81' lang='lat' dir='ltr'><strong>viri</strong></span> <span class='ocrx_word' id='word_1_57' title='bbox 2474 1418 2717 1479; x_wconf 78' lang='lat' dir='ltr'><strong>facient.</strong></span> <span class='ocrx_word' id='word_1_58' title='bbox 2804 1418 2943 1497; x_wconf 77' lang='lat' dir='ltr'><strong>Ego</strong></span> 
     </span>
     <span class='ocr_line' id='line_1_10' title="bbox 1027 1513 2943 1595; baseline 0.002 -23"><span class='ocrx_word' id='word_1_59' title='bbox 1027 1513 1264 1573; x_wconf 87' lang='lat' dir='ltr'><strong>interim</strong></span> <span class='ocrx_word' id='word_1_60' title='bbox 1309 1534 1416 1594; x_wconf 89' lang='lat' dir='ltr'><strong>pro</strong></span> <span class='ocrx_word' id='word_1_61' title='bbox 1445 1514 1731 1575; x_wconf 76' lang='lat' dir='ltr'><strong>concione</strong></span> <span class='ocrx_word' id='word_1_62' title='bbox 1772 1515 2129 1575; x_wconf 87' lang='lat' dir='ltr'><strong>militaribus</strong></span> <span class='ocrx_word' id='word_1_63' title='bbox 2165 1513 2339 1574; x_wconf 86' lang='lat' dir='ltr'><strong>donis</strong></span> <span class='ocrx_word' id='word_1_64' title='bbox 2372 1523 2749 1595; x_wconf 72' lang='lat' dir='ltr'><strong>praestanoem</strong></span> <span class='ocrx_word' id='word_1_65' title='bbox 2790 1536 2943 1595; x_wconf 89' lang='lat' dir='ltr'><strong>quo-</strong></span> 
     </span>
     <span class='ocr_line' id='line_1_11' title="bbox 1025 1610 2942 1690; baseline 0.001 -21"><span class='ocrx_word' id='word_1_66' title='bbox 1025 1610 1273 1670; x_wconf 90' lang='lat' dir='ltr'><strong>rundam</strong></span> <span class='ocrx_word' id='word_1_67' title='bbox 1314 1611 1592 1671; x_wconf 84' lang='lat' dir='ltr'><strong>virtutem</strong></span> <span class='ocrx_word' id='word_1_68' title='bbox 1632 1612 1720 1671; x_wconf 86' lang='lat' dir='ltr'><strong>ita</strong></span> <span class='ocrx_word' id='word_1_69' title='bbox 1759 1611 2086 1683; x_wconf 73' lang='lat' dir='ltr'><strong>honorabo,</strong></span> <span class='ocrx_word' id='word_1_70' title='bbox 2115 1619 2184 1672; x_wconf 91' lang='lat' dir='ltr'><strong>ut</strong></span> <span class='ocrx_word' id='word_1_71' title='bbox 2206 1632 2270 1671; x_wconf 87' lang='lat' dir='ltr'><strong>se</strong></span> <span class='ocrx_word' id='word_1_72' title='bbox 2310 1610 2617 1672; x_wconf 88' lang='lat' dir='ltr'><strong>eonditum</strong></span> <span class='ocrx_word' id='word_1_73' title='bbox 2640 1621 2708 1672; x_wconf 87' lang='lat' dir='ltr'><strong>et</strong></span> <span class='ocrx_word' id='word_1_74' title='bbox 2731 1612 2942 1690; x_wconf 79' lang='lat' dir='ltr'><strong>benig-</strong></span> 
     </span>
     <span class='ocr_line' id='line_1_12' title="bbox 1025 1707 2941 1789; baseline 0.002 -24"><span class='ocrx_word' id='word_1_75' title='bbox 1025 1726 1166 1766; x_wconf 88' lang='lat' dir='ltr'><strong>num</strong></span> <span class='ocrx_word' id='word_1_76' title='bbox 1189 1716 1350 1767; x_wconf 88' lang='lat' dir='ltr'><strong>recte</strong></span> <span class='ocrx_word' id='word_1_77' title='bbox 1388 1707 1679 1768; x_wconf 80' lang='lat' dir='ltr'><strong>factorum</strong></span> <span class='ocrx_word' id='word_1_78' title='bbox 1704 1710 2119 1769; x_wconf 73' lang='lat' dir='ltr'><strong>aestimatorem</strong></span> <span class='ocrx_word' id='word_1_79' title='bbox 2138 1715 2161 1743; x_wconf 78' lang='lat'>⁶</span> <span class='ocrx_word' id='word_1_80' title='bbox 2202 1717 2408 1769; x_wconf 87' lang='lat' dir='ltr'><strong>nactos</strong></span> <span class='ocrx_word' id='word_1_81' title='bbox 2430 1728 2557 1769; x_wconf 84' lang='lat' dir='ltr'><strong>esse</strong></span> <span class='ocrx_word' id='word_1_82' title='bbox 2582 1708 2941 1789; x_wconf 77' lang='lat' dir='ltr'><strong>intelligant.</strong></span> 
     </span>
    </p>

    <p class='ocr_par' dir='ltr' id='par_1_4' title="bbox 1021 1802 2945 2079">
     <span class='ocr_line' id='line_1_13' title="bbox 1104 1802 2945 1885; baseline 0.003 -22"><span class='ocrx_word' id='word_1_83' title='bbox 1104 1810 1207 1863; x_wconf 80' lang='lat'><strong>28.</strong></span> <span class='ocrx_word' id='word_1_84' title='bbox 1253 1812 1271 1839; x_wconf 80' lang='lat'><em>⁶</em></span> <span class='ocrx_word' id='word_1_85' title='bbox 1303 1802 1426 1865; x_wconf 87' lang='lat' dir='ltr'><strong>Sed</strong></span> <span class='ocrx_word' id='word_1_86' title='bbox 1469 1806 1749 1885; x_wconf 87' lang='lat' dir='ltr'><strong>quoniam</strong></span> <span class='ocrx_word' id='word_1_87' title='bbox 1794 1806 2100 1867; x_wconf 82' lang='lat' dir='ltr'><strong>universus</strong></span> <span class='ocrx_word' id='word_1_88' title='bbox 2144 1806 2442 1867; x_wconf 84' lang='lat' dir='ltr'><strong>exereitus</strong></span> <span class='ocrx_word' id='word_1_89' title='bbox 2474 1806 2563 1866; x_wconf 84' lang='lat' dir='ltr'><strong>ita</strong></span> <span class='ocrx_word' id='word_1_90' title='bbox 2594 1827 2659 1871; x_wconf 80' lang='lat' dir='ltr'><strong>se</strong></span> <span class='ocrx_word' id='word_1_91' title='bbox 2697 1808 2945 1885; x_wconf 69' lang='lat' dir='ltr'><strong>gessisse</strong></span> 
     </span>
     <span class='ocr_line' id='line_1_14' title="bbox 1021 1898 2936 1983; baseline 0.002 -24"><span class='ocrx_word' id='word_1_92' title='bbox 1021 1898 1280 1970; x_wconf 79' lang='lat' dir='ltr'><strong>videtur,</strong></span> <span class='ocrx_word' id='word_1_93' title='bbox 1299 1909 1367 1960; x_wconf 87' lang='lat' dir='ltr'><strong>ut</strong></span> <span class='ocrx_word' id='word_1_94' title='bbox 1391 1920 1564 1961; x_wconf 88' lang='lat' dir='ltr'><strong>nemo</strong></span> <span class='ocrx_word' id='word_1_95' title='bbox 1588 1900 1689 1961; x_wconf 79' lang='lat' dir='ltr'><strong>vel</strong></span> <span class='ocrx_word' id='word_1_96' title='bbox 1717 1900 1913 1961; x_wconf 88' lang='lat' dir='ltr'><strong>laudis</strong></span> <span class='ocrx_word' id='word_1_97' title='bbox 1935 1901 2035 1963; x_wconf 79' lang='lat' dir='ltr'><strong>vel</strong></span> <span class='ocrx_word' id='word_1_98' title='bbox 2062 1902 2290 1983; x_wconf 78' lang='lat' dir='ltr'><strong>praemii</strong></span> <span class='ocrx_word' id='word_1_99' title='bbox 2314 1922 2519 1963; x_wconf 85' lang='lat' dir='ltr'><strong>exsors</strong></span> <span class='ocrx_word' id='word_1_100' title='bbox 2536 1922 2665 1961; x_wconf 86' lang='lat' dir='ltr'><strong>esse</strong></span> <span class='ocrx_word' id='word_1_101' title='bbox 2683 1901 2936 1973; x_wconf 70' lang='lat' dir='ltr'><strong>debeatz</strong></span> 
     </span>
     <span class='ocr_line' id='line_1_15' title="bbox 1021 1993 2941 2079; baseline 0.003 -26"><span class='ocrx_word' id='word_1_102' title='bbox 1021 1993 1197 2075; x_wconf 88' lang='lat' dir='ltr'><strong>plura</strong></span> <span class='ocrx_word' id='word_1_103' title='bbox 1236 1994 1479 2074; x_wconf 89' lang='lat' dir='ltr'><strong>quidem</strong></span> <span class='ocrx_word' id='word_1_104' title='bbox 1521 2005 1584 2057; x_wconf 90' lang='lat' dir='ltr'><strong>et</strong></span> <span class='ocrx_word' id='word_1_105' title='bbox 1618 1997 1911 2077; x_wconf 89' lang='lat' dir='ltr'><strong>ampliora</strong></span> <span class='ocrx_word' id='word_1_106' title='bbox 1945 1998 2176 2057; x_wconf 84' lang='lat' dir='ltr'><strong>senatui</strong></span> <span class='ocrx_word' id='word_1_107' title='bbox 2212 1999 2543 2079; x_wconf 68' lang='lat' dir='ltr'><strong>patriaeque</strong></span> <span class='ocrx_word' id='word_1_108' title='bbox 2580 2018 2837 2069; x_wconf 82' lang='lat' dir='ltr'><strong>reservo,</strong></span> <span class='ocrx_word' id='word_1_109' title='bbox 2864 2018 2941 2059; x_wconf 88' lang='lat' dir='ltr'><strong>ne</strong></span> 
     </span>
    </p>

    <p class='ocr_par' dir='ltr' id='par_1_5' title="bbox 897 2090 2943 2729">
     <span class='ocr_line' id='line_1_16' title="bbox 897 2090 2937 2175; baseline 0.001 -24"><span class='ocrx_word' id='word_1_110' title='bbox 897 2168 900 2171; x_wconf 7' lang='grc' dir='ltr'><strong><em>ἦ</em></strong></span> <span class='ocrx_word' id='word_1_111' title='bbox 1020 2090 1258 2152; x_wconf 88' lang='lat' dir='ltr'><strong>illorum</strong></span> <span class='ocrx_word' id='word_1_112' title='bbox 1279 2092 1342 2152; x_wconf 89' lang='lat' dir='ltr'><strong>in</strong></span> <span class='ocrx_word' id='word_1_113' title='bbox 1366 2113 1474 2154; x_wconf 83' lang='lat' dir='ltr'><strong>vos</strong></span> <span class='ocrx_word' id='word_1_114' title='bbox 1496 2094 1923 2173; x_wconf 77' lang='lat' dir='ltr'><strong>benignitatem</strong></span> <span class='ocrx_word' id='word_1_115' title='bbox 1944 2094 2257 2175; x_wconf 78' lang='lat' dir='ltr'><strong>praeripere</strong></span> <span class='ocrx_word' id='word_1_116' title='bbox 2281 2092 2507 2155; x_wconf 81' lang='lat' dir='ltr'><strong>videar.</strong></span> <span class='ocrx_word' id='word_1_117' title='bbox 2568 2093 2854 2155; x_wconf 86' lang='lat' dir='ltr'><strong>Ceterum</strong></span> <span class='ocrx_word' id='word_1_118' title='bbox 2876 2096 2937 2155; x_wconf 86' lang='lat' dir='ltr'><strong>in</strong></span> 
     </span>
     <span class='ocr_line' id='line_1_17' title="bbox 1020 2188 2938 2270; baseline 0.002 -23"><span class='ocrx_word' id='word_1_119' title='bbox 1020 2188 1336 2267; x_wconf 83' lang='lat' dir='ltr'><strong>praesentia</strong></span> <span class='ocrx_word' id='word_1_120' title='bbox 1359 2207 1553 2250; x_wconf 90' lang='lat' dir='ltr'><strong>meam</strong></span> <span class='ocrx_word' id='word_1_121' title='bbox 1575 2210 1815 2270; x_wconf 85' lang='lat' dir='ltr'><strong>quoqne</strong></span> <span class='ocrx_word' id='word_1_122' title='bbox 1840 2188 2303 2250; x_wconf 84' lang='lat' dir='ltr'><strong>munificentiam</strong></span> <span class='ocrx_word' id='word_1_123' title='bbox 2323 2210 2559 2269; x_wconf 78' lang='lat' dir='ltr'><strong>aequum</strong></span> <span class='ocrx_word' id='word_1_124' title='bbox 2584 2198 2675 2251; x_wconf 66' lang='lat' dir='ltr'><strong>est</strong></span> <span class='ocrx_word' id='word_1_125' title='bbox 2698 2210 2805 2251; x_wconf 83' lang='lat' dir='ltr'><strong>vos</strong></span> <span class='ocrx_word' id='word_1_126' title='bbox 2828 2212 2938 2251; x_wconf 87' lang='lat' dir='ltr'><strong>ex—</strong></span> 
     </span>
     <span class='ocr_line' id='line_1_18' title="bbox 1023 2284 2939 2367; baseline 0.003 -24"><span class='ocrx_word' id='word_1_127' title='bbox 1023 2284 1238 2363; x_wconf 86' lang='lat' dir='ltr'><strong>periri:</strong></span> <span class='ocrx_word' id='word_1_128' title='bbox 1281 2293 1351 2344; x_wconf 90' lang='lat' dir='ltr'><strong>ut</strong></span> <span class='ocrx_word' id='word_1_129' title='bbox 1372 2293 1437 2344; x_wconf 91' lang='lat' dir='ltr'><strong>et</strong></span> <span class='ocrx_word' id='word_1_130' title='bbox 1461 2285 1706 2366; x_wconf 76' lang='lat' dir='ltr'><strong>aliquod</strong></span> <span class='ocrx_word' id='word_1_131' title='bbox 1744 2306 1853 2367; x_wconf 89' lang='lat' dir='ltr'><strong>pro</strong></span> <span class='ocrx_word' id='word_1_132' title='bbox 1877 2285 2179 2346; x_wconf 74' lang='lat' dir='ltr'><strong>exhaustis</strong></span> <span class='ocrx_word' id='word_1_133' title='bbox 2204 2286 2511 2348; x_wconf 78' lang='lat' dir='ltr'><strong>laboribus</strong></span> <span class='ocrx_word' id='word_1_134' title='bbox 2532 2288 2939 2367; x_wconf 72' lang='lat' dir='ltr'><strong>susceptisque</strong></span> 
     </span>
     <span class='ocr_line' id='line_1_19' title="bbox 1020 2379 2939 2463; baseline 0.002 -24"><span class='ocrx_word' id='word_1_135' title='bbox 1020 2379 1298 2461; x_wconf 86' lang='lat' dir='ltr'><strong>periculis</strong></span> <span class='ocrx_word' id='word_1_136' title='bbox 1325 2382 1596 2442; x_wconf 84' lang='lat' dir='ltr'><strong>habeatis</strong></span> <span class='ocrx_word' id='word_1_137' title='bbox 1620 2402 1818 2463; x_wconf 74' lang='lat' dir='ltr'><strong>operte</strong></span> <span class='ocrx_word' id='word_1_138' title='bbox 1843 2383 2132 2463; x_wconf 85' lang='lat' dir='ltr'><strong>pretium;</strong></span> <span class='ocrx_word' id='word_1_139' title='bbox 2172 2391 2238 2442; x_wconf 87' lang='lat' dir='ltr'><strong>et</strong></span> <span class='ocrx_word' id='word_1_140' title='bbox 2259 2380 2338 2443; x_wconf 85' lang='lat' dir='ltr'><strong>ad</strong></span> <span class='ocrx_word' id='word_1_141' title='bbox 2360 2382 2594 2463; x_wconf 74' lang='lat' dir='ltr'><strong>‚reliqua</strong></span> <span class='ocrx_word' id='word_1_142' title='bbox 2616 2382 2768 2443; x_wconf 89' lang='lat' dir='ltr'><strong>belli</strong></span> <span class='ocrx_word' id='word_1_143' title='bbox 2792 2404 2939 2443; x_wconf 88' lang='lat' dir='ltr'><strong>eun-</strong></span> 
     </span>
     <span class='ocr_line' id='line_1_20' title="bbox 1021 2461 2941 2560; baseline 0.003 -26"><span class='ocrx_word' id='word_1_144' title='bbox 1021 2474 1160 2537; x_wconf 90' lang='lat' dir='ltr'><strong>dem</strong></span> <span class='ocrx_word' id='word_1_145' title='bbox 1195 2461 1478 2548; x_wconf 73' lang='lat' dir='ltr'><strong>animum,</strong></span> <span class='ocrx_word' id='word_1_146' title='bbox 1513 2476 1881 2558; x_wconf 86' lang='lat' dir='ltr'><strong>eandemque</strong></span> <span class='ocrx_word' id='word_1_147' title='bbox 1912 2478 2261 2559; x_wconf 83' lang='lat' dir='ltr'><strong>patientiam</strong></span> <span class='ocrx_word' id='word_1_148' title='bbox 2288 2487 2352 2538; x_wconf 88' lang='lat' dir='ltr'><strong>et</strong></span> <span class='ocrx_word' id='word_1_149' title='bbox 2376 2479 2675 2550; x_wconf 80' lang='lat' dir='ltr'><strong>virtutem,</strong></span> <span class='ocrx_word' id='word_1_150' title='bbox 2701 2488 2789 2550; x_wconf 88' lang='lat' dir='ltr'><strong>et,</strong></span> <span class='ocrx_word' id='word_1_151' title='bbox 2814 2498 2941 2560; x_wconf 86' lang='lat' dir='ltr'><strong>quo</strong></span> 
     </span>
     <span class='ocr_line' id='line_1_21' title="bbox 1019 2572 2943 2655; baseline 0.003 -24"><span class='ocrx_word' id='word_1_152' title='bbox 1019 2574 1280 2631; x_wconf 81' lang='lat' dir='ltr'><strong>maxime</strong></span> <span class='ocrx_word' id='word_1_153' title='bbox 1305 2574 1632 2653; x_wconf 81' lang='lat' dir='ltr'><strong>superiores</strong></span> <span class='ocrx_word' id='word_1_154' title='bbox 1654 2572 1894 2645; x_wconf 85' lang='lat' dir='ltr'><strong>fuimus,</strong></span> <span class='ocrx_word' id='word_1_155' title='bbox 1932 2594 2189 2634; x_wconf 87' lang='lat' dir='ltr'><strong>amorem</strong></span> <span class='ocrx_word' id='word_1_156' title='bbox 2226 2572 2583 2655; x_wconf 76' lang='lat' dir='ltr'><strong>disciplinae,</strong></span> <span class='ocrx_word' id='word_1_157' title='bbox 2620 2594 2695 2635; x_wconf 93' lang='lat' dir='ltr'><strong>eo</strong></span> <span class='ocrx_word' id='word_1_158' title='bbox 2729 2575 2943 2637; x_wconf 88' lang='lat' dir='ltr'><strong>luben·</strong></span> 
     </span>
     <span class='ocr_line' id='line_1_22' title="bbox 1018 2668 1488 2729; baseline 0.004 -2"><span class='ocrx_word' id='word_1_159' title='bbox 1018 2668 1140 2728; x_wconf 87' lang='lat' dir='ltr'><strong>tius</strong></span> <span class='ocrx_word' id='word_1_160' title='bbox 1169 2669 1488 2729; x_wconf 80' lang='lat' dir='ltr'><strong>retineatis.</strong></span> 
     </span>
    </p>

    <p class='ocr_par' dir='ltr' id='par_1_6' title="bbox 1021 2762 2935 3327">
     <span class='ocr_line' id='line_1_23' title="bbox 1100 2762 2933 2848; baseline 0.002 -25"><span class='ocrx_word' id='word_1_161' title='bbox 1100 2770 1202 2825; x_wconf 81' lang='lat'><strong>29.</strong></span> <span class='ocrx_word' id='word_1_162' title='bbox 1246 2772 1264 2799; x_wconf 88' lang='lat'>‘</span> <span class='ocrx_word' id='word_1_163' title='bbox 1296 2764 1420 2824; x_wconf 88' lang='lat' dir='ltr'><strong>Sed</strong></span> <span class='ocrx_word' id='word_1_164' title='bbox 1445 2763 1604 2825; x_wconf 90' lang='lat' dir='ltr'><strong>unde</strong></span> <span class='ocrx_word' id='word_1_165' title='bbox 1630 2764 1777 2823; x_wconf 86' lang='lat' dir='ltr'><strong>mihi</strong></span> <span class='ocrx_word' id='word_1_166' title='bbox 1798 2762 2173 2824; x_wconf 86' lang='lat' dir='ltr'><strong>liberalitatis</strong></span> <span class='ocrx_word' id='word_1_167' title='bbox 2188 2768 2461 2839; x_wconf 84' lang='lat' dir='ltr'><strong>materia,</strong></span> <span class='ocrx_word' id='word_1_168' title='bbox 2485 2788 2621 2829; x_wconf 89' lang='lat' dir='ltr'><strong>cum</strong></span> <span class='ocrx_word' id='word_1_169' title='bbox 2644 2766 2933 2848; x_wconf 77' lang='lat' dir='ltr'><strong>praedam,</strong></span> 
     </span>
     <span class='ocr_line' id='line_1_24' title="bbox 1021 2859 2935 2941; baseline 0.003 -22"><span class='ocrx_word' id='word_1_170' title='bbox 1021 2879 1099 2919; x_wconf 87' lang='lat' dir='ltr'><strong>ex</strong></span> <span class='ocrx_word' id='word_1_171' title='bbox 1127 2880 1249 2940; x_wconf 86' lang='lat' dir='ltr'><strong>qua</strong></span> <span class='ocrx_word' id='word_1_172' title='bbox 1271 2859 1478 2926; x_wconf 87' lang='lat' dir='ltr'><strong>donari</strong></span> <span class='ocrx_word' id='word_1_173' title='bbox 1503 2859 1720 2921; x_wconf 85' lang='lat' dir='ltr'><strong>milites</strong></span> <span class='ocrx_word' id='word_1_174' title='bbox 1745 2861 1823 2920; x_wconf 92' lang='lat' dir='ltr'><strong>ab</strong></span> <span class='ocrx_word' id='word_1_175' title='bbox 1848 2860 2291 2941; x_wconf 82' lang='lat' dir='ltr'><strong>imperatoribus</strong></span> <span class='ocrx_word' id='word_1_176' title='bbox 2309 2863 2520 2935; x_wconf 86' lang='lat' dir='ltr'><strong>solent,</strong></span> <span class='ocrx_word' id='word_1_177' title='bbox 2538 2864 2681 2923; x_wconf 85' lang='lat' dir='ltr'><strong>mihi</strong></span> <span class='ocrx_word' id='word_1_178' title='bbox 2702 2884 2935 2924; x_wconf 89' lang='lat' dir='ltr'><strong>omnem</strong></span> 
     </span>
     <span class='ocr_line' id='line_1_25' title="bbox 1021 2954 2933 3036; baseline 0.002 -21"><span class='ocrx_word' id='word_1_179' title='bbox 1021 2956 1466 3017; x_wconf 76' lang='lat' dir='ltr'><strong>concesseritis?</strong></span> <span class='ocrx_word' id='word_1_180' title='bbox 1549 2954 1774 3036; x_wconf 88' lang='lat' dir='ltr'><strong>Neque</strong></span> <span class='ocrx_word' id='word_1_181' title='bbox 1800 2956 2082 3016; x_wconf 89' lang='lat' dir='ltr'><strong>redonare</strong></span> <span class='ocrx_word' id='word_1_182' title='bbox 2110 2959 2280 3018; x_wconf 83' lang='lat' dir='ltr'><strong>vobis</strong></span> <span class='ocrx_word' id='word_1_183' title='bbox 2312 2978 2443 3019; x_wconf 88' lang='lat' dir='ltr'><strong>eam</strong></span> <span class='ocrx_word' id='word_1_184' title='bbox 2470 2960 2686 3031; x_wconf 87' lang='lat' dir='ltr'><strong>audeo,</strong></span> <span class='ocrx_word' id='word_1_185' title='bbox 2714 2980 2789 3019; x_wconf 87' lang='lat' dir='ltr'><strong>ne</strong></span> <span class='ocrx_word' id='word_1_186' title='bbox 2812 2959 2933 3021; x_wconf 79' lang='lat' dir='ltr'><strong>vile</strong></span> 
     </span>
     <span class='ocr_line' id='line_1_26' title="bbox 1021 3051 2931 3132; baseline 0.003 -21"><span class='ocrx_word' id='word_1_187' title='bbox 1021 3051 1166 3111; x_wconf 87' lang='lat' dir='ltr'><strong>mihi</strong></span> <span class='ocrx_word' id='word_1_188' title='bbox 1184 3062 1442 3114; x_wconf 78' lang='lat' dir='ltr'><strong>vestrum</strong></span> <span class='ocrx_word' id='word_1_189' title='bbox 1463 3072 1695 3125; x_wconf 88' lang='lat' dir='ltr'><strong>munus,</strong></span> <span class='ocrx_word' id='word_1_190' title='bbox 1708 3062 2149 3132; x_wconf 84' lang='lat' dir='ltr'><strong>vestrorumque</strong></span> <span class='ocrx_word' id='word_1_191' title='bbox 2176 3054 2501 3115; x_wconf 88' lang='lat' dir='ltr'><strong>animorum</strong></span> <span class='ocrx_word' id='word_1_192' title='bbox 2521 3055 2746 3115; x_wconf 85' lang='lat' dir='ltr'><strong>illustre</strong></span> <span class='ocrx_word' id='word_1_193' title='bbox 2769 3057 2931 3115; x_wconf 71' lang='lat' dir='ltr'><strong>taeti-</strong></span> 
     </span>
     <span class='ocr_line' id='line_1_27' title="bbox 1023 3148 2932 3233; baseline 0.003 -26"><span class='ocrx_word' id='word_1_194' title='bbox 1023 3149 1280 3209; x_wconf 90' lang='lat' dir='ltr'><strong>monium</strong></span> <span class='ocrx_word' id='word_1_195' title='bbox 1305 3170 1430 3211; x_wconf 89' lang='lat' dir='ltr'><strong>esse</strong></span> <span class='ocrx_word' id='word_1_196' title='bbox 1457 3151 1694 3231; x_wconf 87' lang='lat' dir='ltr'><strong>putetis.</strong></span> <span class='ocrx_word' id='word_1_197' title='bbox 1781 3148 1996 3228; x_wconf 80' lang='lat' dir='ltr'><strong>Igitur,</strong></span> <span class='ocrx_word' id='word_1_198' title='bbox 2024 3150 2187 3229; x_wconf 89' lang='lat' dir='ltr'><strong>quod</strong></span> <span class='ocrx_word' id='word_1_199' title='bbox 2213 3171 2393 3211; x_wconf 87' lang='lat' dir='ltr'><strong>unum</strong></span> <span class='ocrx_word' id='word_1_200' title='bbox 2418 3152 2789 3233; x_wconf 88' lang='lat' dir='ltr'><strong>relinquitur,</strong></span> <span class='ocrx_word' id='word_1_201' title='bbox 2817 3173 2932 3214; x_wconf 85' lang='lat' dir='ltr'><strong>non</strong></span> 
     </span>
     <span class='ocr_line' id='line_1_28' title="bbox 1023 3244 2931 3327; baseline 0.002 -22"><span class='ocrx_word' id='word_1_202' title='bbox 1023 3246 1419 3317; x_wconf 81' lang='lat' dir='ltr'><strong>intercedetis,</strong></span> <span class='ocrx_word' id='word_1_203' title='bbox 1447 3247 1783 3327; x_wconf 88' lang='lat' dir='ltr'><strong>quominus,</strong></span> <span class='ocrx_word' id='word_1_204' title='bbox 1810 3244 1973 3325; x_wconf 88' lang='lat' dir='ltr'><strong>quod</strong></span> <span class='ocrx_word' id='word_1_205' title='bbox 1996 3266 2189 3307; x_wconf 87' lang='lat' dir='ltr'><strong>meum</strong></span> <span class='ocrx_word' id='word_1_206' title='bbox 2228 3268 2353 3308; x_wconf 88' lang='lat' dir='ltr'><strong>esse</strong></span> <span class='ocrx_word' id='word_1_207' title='bbox 2379 3248 2671 3320; x_wconf 84' lang='lat' dir='ltr'><strong>voluistis,</strong></span> <span class='ocrx_word' id='word_1_208' title='bbox 2698 3269 2774 3309; x_wconf 92' lang='lat' dir='ltr'><strong>eo</strong></span> <span class='ocrx_word' id='word_1_209' title='bbox 2798 3260 2931 3309; x_wconf 89' lang='lat' dir='ltr'><strong>tan-</strong></span> 
     </span>
    </p>

    <p class='ocr_par' dir='ltr' id='par_1_7' title="bbox 698 3331 2929 3613">
     <span class='ocr_line' id='line_1_29' title="bbox 698 3331 2929 3447; baseline 0.002 -47"><span class='ocrx_word' id='word_1_210' title='bbox 698 3331 833 3447; x_wconf 59' lang='lat' dir='ltr'><strong>v12¹³⁰</strong></span> <span class='ocrx_word' id='word_1_211' title='bbox 845 3348 925 3399; x_wconf 73' lang='lat'><strong>²1³·</strong></span> <span class='ocrx_word' id='word_1_212' title='bbox 1022 3362 1204 3421; x_wconf 86' lang='lat' dir='ltr'><strong>quam</strong></span> <span class='ocrx_word' id='word_1_213' title='bbox 1230 3363 1290 3401; x_wconf 91' lang='lat' dir='ltr'><strong>re</strong></span> <span class='ocrx_word' id='word_1_214' title='bbox 1317 3363 1469 3414; x_wconf 89' lang='lat' dir='ltr'><strong>mea,</strong></span> <span class='ocrx_word' id='word_1_215' title='bbox 1491 3340 1992 3423; x_wconf 87' lang='lat' dir='ltr'><strong>quemadmodum</strong></span> <span class='ocrx_word' id='word_1_216' title='bbox 2018 3342 2275 3416; x_wconf 89' lang='lat' dir='ltr'><strong>libuerit,</strong></span> <span class='ocrx_word' id='word_1_217' title='bbox 2303 3353 2455 3404; x_wconf 86' lang='lat' dir='ltr'><strong>utar.</strong></span> <span class='ocrx_word' id='word_1_218' title='bbox 2524 3344 2729 3405; x_wconf 86' lang='lat' dir='ltr'><strong>Vendi</strong></span> <span class='ocrx_word' id='word_1_219' title='bbox 2750 3346 2929 3424; x_wconf 85' lang='lat' dir='ltr'><strong>jube-</strong></span> 
     </span>
     <span class='ocr_line' id='line_1_30' title="bbox 796 3414 2929 3521; baseline 0.003 -26"><span class='ocrx_word' id='word_1_220' title='bbox 796 3414 867 3448; x_wconf 47' lang='grc' dir='ltr'>ω</span> <span class='ocrx_word' id='word_1_221' title='bbox 955 3444 962 3452; x_wconf 82' lang='lat'><em>&#39;</em></span> <span class='ocrx_word' id='word_1_222' title='bbox 1024 3438 1138 3496; x_wconf 88' lang='lat' dir='ltr'><strong>bo:</strong></span> <span class='ocrx_word' id='word_1_223' title='bbox 1181 3438 1284 3497; x_wconf 88' lang='lat' dir='ltr'><strong>sed</strong></span> <span class='ocrx_word' id='word_1_224' title='bbox 1331 3458 1446 3498; x_wconf 91' lang='lat' dir='ltr'><strong>non</strong></span> <span class='ocrx_word' id='word_1_225' title='bbox 1488 3439 1599 3497; x_wconf 89' lang='lat' dir='ltr'><strong>nisi</strong></span> <span class='ocrx_word' id='word_1_226' title='bbox 1645 3439 1836 3511; x_wconf 84' lang='lat' dir='ltr'><strong>vobis,</strong></span> <span class='ocrx_word' id='word_1_227' title='bbox 1874 3445 2051 3518; x_wconf 84' lang='lat' dir='ltr'><strong>atque</strong></span> <span class='ocrx_word' id='word_1_228' title='bbox 2092 3440 2197 3511; x_wconf 89' lang='lat' dir='ltr'><strong>ita,</strong></span> <span class='ocrx_word' id='word_1_229' title='bbox 2234 3449 2303 3500; x_wconf 91' lang='lat' dir='ltr'><strong>ut</strong></span> <span class='ocrx_word' id='word_1_230' title='bbox 2336 3460 2412 3500; x_wconf 91' lang='lat' dir='ltr'><strong>ne</strong></span> <span class='ocrx_word' id='word_1_231' title='bbox 2454 3460 2633 3521; x_wconf 87' lang='lat' dir='ltr'><strong>quem</strong></span> <span class='ocrx_word' id='word_1_232' title='bbox 2672 3449 2929 3501; x_wconf 79' lang='lat' dir='ltr'><strong>vestrum</strong></span> 
     </span>
     <span class='ocr_line' id='line_1_31' title="bbox 1025 3534 1593 3613; baseline 0.005 -21"><span class='ocrx_word' id='word_1_233' title='bbox 1025 3534 1308 3613; x_wconf 86' lang='lat' dir='ltr'><strong>poeniteat</strong></span> <span class='ocrx_word' id='word_1_234' title='bbox 1345 3534 1593 3595; x_wconf 87' lang='lat' dir='ltr'><strong>emisse.&#39;</strong></span> 
     </span>
    </p>

    <p class='ocr_par' dir='ltr' id='par_1_8' title="bbox 1017 3628 2931 4193">
     <span class='ocr_line' id='line_1_32' title="bbox 1105 3628 2928 3719; baseline 0.002 -30"><span class='ocrx_word' id='word_1_235' title='bbox 1105 3636 1206 3689; x_wconf 77' lang='lat'><strong>30.</strong></span> <span class='ocrx_word' id='word_1_236' title='bbox 1249 3628 1562 3690; x_wconf 88' lang='lat' dir='ltr'><strong>Vilissimo</strong></span> <span class='ocrx_word' id='word_1_237' title='bbox 1601 3628 1817 3691; x_wconf 88' lang='lat' dir='ltr'><strong>deinde</strong></span> <span class='ocrx_word' id='word_1_238' title='bbox 1856 3633 2047 3719; x_wconf 80' lang='lat' dir='ltr'><strong>pretio</strong></span> <span class='ocrx_word' id='word_1_239' title='bbox 2078 3632 2310 3693; x_wconf 84' lang='lat' dir='ltr'><strong>curavit</strong></span> <span class='ocrx_word' id='word_1_240' title='bbox 2349 3630 2785 3694; x_wconf 85' lang='lat' dir='ltr'><strong>addicendum:</strong></span> <span class='ocrx_word' id='word_1_241' title='bbox 2828 3654 2928 3693; x_wconf 88' lang='lat' dir='ltr'><strong>eo-</strong></span> 
     </span>
     <span class='ocr_line' id='line_1_33' title="bbox 1019 3726 2927 3810; baseline 0.003 -25"><span class='ocrx_word' id='word_1_242' title='bbox 1019 3746 1136 3807; x_wconf 89' lang='lat' dir='ltr'><strong>que</strong></span> <span class='ocrx_word' id='word_1_243' title='bbox 1175 3726 1336 3787; x_wconf 83' lang='lat' dir='ltr'><strong>facto</strong></span> <span class='ocrx_word' id='word_1_244' title='bbox 1372 3747 1490 3787; x_wconf 90' lang='lat' dir='ltr'><strong>non</strong></span> <span class='ocrx_word' id='word_1_245' title='bbox 1529 3735 1761 3787; x_wconf 88' lang='lat' dir='ltr'><strong>tantum</strong></span> <span class='ocrx_word' id='word_1_246' title='bbox 1809 3728 2095 3787; x_wconf 88' lang='lat' dir='ltr'><strong>militibus</strong></span> <span class='ocrx_word' id='word_1_247' title='bbox 2135 3727 2214 3788; x_wconf 86' lang='lat' dir='ltr'><strong>ad</strong></span> <span class='ocrx_word' id='word_1_248' title='bbox 2249 3730 2449 3789; x_wconf 88' lang='lat' dir='ltr'><strong>omnia</strong></span> <span class='ocrx_word' id='word_1_249' title='bbox 2481 3728 2696 3789; x_wconf 89' lang='lat' dir='ltr'><strong>deinde</strong></span> <span class='ocrx_word' id='word_1_250' title='bbox 2730 3749 2927 3810; x_wconf 85' lang='lat' dir='ltr'><strong>prom-</strong></span> 
     </span>
     <span class='ocr_line' id='line_1_34' title="bbox 1017 3823 2931 3906; baseline 0.001 -23"><span class='ocrx_word' id='word_1_251' title='bbox 1017 3824 1258 3883; x_wconf 86' lang='lat' dir='ltr'><strong>tissimis</strong></span> <span class='ocrx_word' id='word_1_252' title='bbox 1291 3844 1428 3883; x_wconf 89' lang='lat' dir='ltr'><strong>usus</strong></span> <span class='ocrx_word' id='word_1_253' title='bbox 1465 3831 1588 3893; x_wconf 80' lang='lat' dir='ltr'><strong>est3</strong></span> <span class='ocrx_word' id='word_1_254' title='bbox 1634 3823 1740 3883; x_wconf 89' lang='lat' dir='ltr'><strong>sed</strong></span> <span class='ocrx_word' id='word_1_255' title='bbox 1780 3825 1958 3883; x_wconf 89' lang='lat' dir='ltr'><strong>etiam</strong></span> <span class='ocrx_word' id='word_1_256' title='bbox 1992 3824 2357 3906; x_wconf 85' lang='lat' dir='ltr'><strong>principibus</strong></span> <span class='ocrx_word' id='word_1_257' title='bbox 2392 3824 2674 3897; x_wconf 85' lang='lat' dir='ltr'><strong>civitatis,</strong></span> <span class='ocrx_word' id='word_1_258' title='bbox 2712 3826 2931 3905; x_wconf 79' lang='lat' dir='ltr'><strong>quibus</strong></span> 
     </span>
     <span class='ocr_line' id='line_1_35' title="bbox 1019 3919 2929 4003; baseline 0.002 -26"><span class='ocrx_word' id='word_1_259' title='bbox 1019 3922 1343 3979; x_wconf 85' lang='lat' dir='ltr'><strong>contemtui</strong></span> <span class='ocrx_word' id='word_1_260' title='bbox 1389 3920 1649 3999; x_wconf 87' lang='lat' dir='ltr'><strong>odioque</strong></span> <span class='ocrx_word' id='word_1_261' title='bbox 1702 3919 1918 3991; x_wconf 79' lang='lat' dir='ltr'><strong>fuerat,</strong></span> <span class='ocrx_word' id='word_1_262' title='bbox 1959 3920 2385 3981; x_wconf 86' lang='lat' dir='ltr'><strong>confessionem</strong></span> <span class='ocrx_word' id='word_1_263' title='bbox 2430 3922 2701 3994; x_wconf 85' lang='lat' dir='ltr'><strong>extorsit,</strong></span> <span class='ocrx_word' id='word_1_264' title='bbox 2744 3920 2929 4003; x_wconf 85' lang='lat' dir='ltr'><strong>pluris</strong></span> 
     </span>
     <span class='ocr_line' id='line_1_36' title="bbox 1019 4014 2927 4097; baseline 0.001 -23"><span class='ocrx_word' id='word_1_265' title='bbox 1019 4035 1170 4084; x_wconf 89' lang='lat' dir='ltr'><strong>esse,</strong></span> <span class='ocrx_word' id='word_1_266' title='bbox 1196 4035 1332 4095; x_wconf 81' lang='lat' dir='ltr'><strong>quae</strong></span> <span class='ocrx_word' id='word_1_267' title='bbox 1355 4016 1473 4075; x_wconf 91' lang='lat' dir='ltr'><strong>sibi</strong></span> <span class='ocrx_word' id='word_1_268' title='bbox 1499 4015 1745 4096; x_wconf 89' lang='lat' dir='ltr'><strong>quisque</strong></span> <span class='ocrx_word' id='word_1_269' title='bbox 1770 4014 2023 4087; x_wconf 89' lang='lat' dir='ltr'><strong>dederit,</strong></span> <span class='ocrx_word' id='word_1_270' title='bbox 2042 4036 2221 4097; x_wconf 89' lang='lat' dir='ltr'><strong>quam</strong></span> <span class='ocrx_word' id='word_1_271' title='bbox 2240 4036 2375 4096; x_wconf 78' lang='lat' dir='ltr'><strong>quoe</strong></span> <span class='ocrx_word' id='word_1_272' title='bbox 2400 4017 2739 4097; x_wconf 81' lang='lat' dir='ltr'><strong>transmissa</strong></span> <span class='ocrx_word' id='word_1_273' title='bbox 2755 4036 2793 4076; x_wconf 85' lang='lat' dir='ltr'><strong>a</strong></span> <span class='ocrx_word' id='word_1_274' title='bbox 2817 4035 2927 4097; x_wconf 80' lang='lat' dir='ltr'><strong>pa-</strong></span> 
     </span>
     <span class='ocr_line' id='line_1_37' title="bbox 1019 4110 2925 4193; baseline 0.002 -24"><span class='ocrx_word' id='word_1_275' title='bbox 1019 4112 1283 4171; x_wconf 88' lang='lat' dir='ltr'><strong>rentibus</strong></span> <span class='ocrx_word' id='word_1_276' title='bbox 1306 4112 1560 4173; x_wconf 86' lang='lat' dir='ltr'><strong>habeat:</strong></span> <span class='ocrx_word' id='word_1_277' title='bbox 1589 4120 1652 4172; x_wconf 88' lang='lat' dir='ltr'><strong>et</strong></span> <span class='ocrx_word' id='word_1_278' title='bbox 1676 4112 1905 4173; x_wconf 89' lang='lat' dir='ltr'><strong>natales</strong></span> <span class='ocrx_word' id='word_1_279' title='bbox 1929 4112 2258 4193; x_wconf 88' lang='lat' dir='ltr'><strong>quamlibet</strong></span> <span class='ocrx_word' id='word_1_280' title='bbox 2280 4112 2568 4187; x_wconf 87' lang='lat' dir='ltr'><strong>sordidos,</strong></span> <span class='ocrx_word' id='word_1_281' title='bbox 2589 4110 2767 4173; x_wconf 84' lang='lat' dir='ltr'><strong>facile</strong></span> <span class='ocrx_word' id='word_1_282' title='bbox 2792 4120 2925 4172; x_wconf 86' lang='lat' dir='ltr'><strong>tan·</strong></span> 
     </span>
    </p>
   </div>
   <div class='ocr_carea' id='block_1_3' title="bbox 863 4276 2925 4538">
    <p class='ocr_par' dir='ltr' id='par_1_9' title="bbox 863 4276 2925 4538">
     <span class='ocr_line' id='line_1_38' title="bbox 863 4276 2925 4346; baseline 0 -20"><span class='ocrx_word' id='word_1_283' title='bbox 863 4329 880 4346; x_wconf 50' lang='lat'><em>⁰</em></span> <span class='ocrx_word' id='word_1_284' title='bbox 1083 4283 1106 4311; x_wconf 62' lang='grc' dir='ltr'>θ</span> <span class='ocrx_word' id='word_1_285' title='bbox 1143 4276 1402 4328; x_wconf 65' lang='lat' dir='ltr'><strong>Conditus</strong></span> <span class='ocrx_word' id='word_1_286' title='bbox 1435 4282 1483 4328; x_wconf 77' lang='lat' dir='ltr'><strong>et</strong></span> <span class='ocrx_word' id='word_1_287' title='bbox 1609 4278 1623 4293; x_wconf 81' lang='lat'>⁸</span> <span class='ocrx_word' id='word_1_288' title='bbox 1690 4294 1770 4328; x_wconf 74' lang='grc' dir='ltr'><strong>ιιηι</strong></span> <span class='ocrx_word' id='word_1_289' title='bbox 1804 4285 1935 4330; x_wconf 72' lang='lat' dir='ltr'><strong>reete</strong></span> <span class='ocrx_word' id='word_1_290' title='bbox 2013 4278 2273 4344; x_wconf 76' lang='lat' dir='ltr'><strong>apposite.</strong></span> <span class='ocrx_word' id='word_1_291' title='bbox 2369 4280 2514 4330; x_wconf 79' lang='lat' dir='ltr'><strong>Vera</strong></span> <span class='ocrx_word' id='word_1_292' title='bbox 2580 4276 2925 4330; x_wconf 77' lang='lat' dir='ltr'><strong>Freinshemii</strong></span> 
     </span>
     <span class='ocr_line' id='line_1_39' title="bbox 1005 4338 2923 4398; baseline 0.002 -8"><span class='ocrx_word' id='word_1_293' title='bbox 1005 4338 1252 4398; x_wconf 65' lang='lat' dir='ltr'><strong>,tactorum</strong></span> <span class='ocrx_word' id='word_1_294' title='bbox 1279 4342 1616 4394; x_wconf 61' lang='lat' dir='ltr'><strong>aestimatorem</strong></span> <span class='ocrx_word' id='word_1_295' title='bbox 1678 4344 1935 4395; x_wconf 69' lang='lat' dir='ltr'><strong>Conditus</strong></span> <span class='ocrx_word' id='word_1_296' title='bbox 2012 4358 2193 4395; x_wconf 79' lang='lat' dir='ltr'><strong>manus</strong></span> <span class='ocrx_word' id='word_1_297' title='bbox 2223 4344 2435 4397; x_wconf 77' lang='lat' dir='ltr'><strong>videtur</strong></span> <span class='ocrx_word' id='word_1_298' title='bbox 2454 4343 2619 4396; x_wconf 73' lang='lat' dir='ltr'><strong>faisse</strong></span> <span class='ocrx_word' id='word_1_299' title='bbox 2650 4342 2923 4394; x_wconf 62' lang='lat' dir='ltr'><strong>maun.</strong></span> 
     </span>
     <span class='ocr_line' id='line_1_40' title="bbox 1021 4406 2170 4469; baseline 0.009 -16"><span class='ocrx_word' id='word_1_300' title='bbox 1021 4406 1380 4469; x_wconf 78' lang='lat' dir='ltr'><strong>proculdubio</strong></span> <span class='ocrx_word' id='word_1_301' title='bbox 1404 4408 1641 4458; x_wconf 72' lang='lat' dir='ltr'><strong>vitio-um</strong></span> <span class='ocrx_word' id='word_1_302' title='bbox 1664 4416 1764 4459; x_wconf 76' lang='lat' dir='ltr'><strong>est.</strong></span> <span class='ocrx_word' id='word_1_303' title='bbox 1813 4409 1935 4459; x_wconf 83' lang='lat' dir='ltr'><strong>Cle·</strong></span> <span class='ocrx_word' id='word_1_304' title='bbox 2012 4411 2170 4463; x_wconf 73' lang='lat' dir='ltr'><strong>Crev-</strong></span> 
     </span>
     <span class='ocr_line' id='line_1_41' title="bbox 1021 4470 1931 4538; baseline 0.009 -20"><span class='ocrx_word' id='word_1_305' title='bbox 1021 4470 1161 4520; x_wconf 81' lang='lat' dir='ltr'><strong>rieus</strong></span> <span class='ocrx_word' id='word_1_306' title='bbox 1198 4470 1366 4522; x_wconf 81' lang='lat' dir='ltr'><strong>edidit</strong></span> <span class='ocrx_word' id='word_1_307' title='bbox 1401 4472 1714 4537; x_wconf 64' lang='lat' dir='ltr'><strong>condignum:</strong></span> <span class='ocrx_word' id='word_1_308' title='bbox 1750 4486 1931 4538; x_wconf 83' lang='lat' dir='ltr'><strong>parum</strong></span> 
     </span>
    </p>
   </div>
  </div>
 </body>
</html>
