3225 5242
767 539 950 618 ‚413⁰
1743 563 1812 612 r.
1859 563 2048 614 mvn

1100 703 1214 764 isse
1238 703 1284 764 ε’
1324 725 1513 786 eoque
1548 703 1714 766 dicto
1751 725 2102 788 magnopere
2137 716 2201 768 et
2240 707 2536 791 Scipionis
2567 723 2639 774 ‘et
2677 715 3007 795 legatorum

1099 801 1277 862 fuisse
1308 811 1638 864 commotos
1665 805 1913 876 animos,
1937 804 2106 866 velut
2144 804 2222 865 ad
2258 826 2430 868 omen
2462 809 2804 874 domesticae
2837 815 3006 876 cala-

1098 899 1321 960 mitatis
1368 901 1749 972 horrentium,
1801 903 1946 982 quia
1993 910 2120 962 tum
2171 923 2376 964 recens
2426 905 2648 985 ingenti
2713 910 3006 972 seditione

807 1005 938 1054 Plut.
1098 994 1304 1057 Roma
1356 995 1748 1058 laboraverat.
1859 999 2014 1058 Eam
2079 999 2426 1062 seditionem
2486 1004 2638 1065 adeo
2703 1017 3008 1069 aversatus

776 1069 1075 1120 Gm·⁰·⁸⁰·
1100 1092 1425 1154 Africanus
1445 1102 1605 1166 erat,
1633 1103 1701 1154 ut
1740 1105 1990 1176 accepto
2025 1095 2360 1157 Tiberianae
2393 1101 2556 1160 necis
2584 1104 2814 1176 nuntio,
2855 1104 3004 1166 nihil

1098 1197 1314 1262 motus,
1340 1189 1501 1270 quod
1542 1192 1791 1251 sororis⁰
1831 1212 1952 1251 suae
1993 1190 2207 1264 filium,
2233 1193 2601 1277 eundemque
2641 1201 2848 1260 uxoris
2880 1201 3004 1262 fm-

804 1295 951 1346 Hom.
978 1297 1076 1348 od.
1096 1293 1246 1345 trem
1276 1288 1571 1359 amiserat,
1600 1286 1804 1348 Graeci
1829 1295 2024 1368 poetoe
2047 1289 2268 1360 versu,‘¹
2285 1281 2533 1354 cuilibet
2556 1295 2706 1356 talia
2737 1289 3004 1360 moventi

772 1377 811 1410 ¹·
830 1366 913 1412 ⁴⁷·
1096 1381 1351 1443 similem
1376 1383 1605 1444 exitum
1635 1385 2072 1464 imprecaretur.

1178 1485 1239 1539 8.
1282 1477 1525 1539 Interea
1566 1479 1974 1540 consularibus
2016 1482 2294 1554 comitiis,
2335 1504 2472 1545 cum
2523 1485 2653 1569 Ap.
2707 1488 3006 1556 Claudius

1095 1574 1210 1634 hoc
1243 1595 1435 1636 rerum
1464 1583 1622 1636 statu
1656 1597 1864 1657 parum
1889 1575 2125 1637 validus
2157 1589 2332 1651 esset,
2361 1581 2445 1641 P.
2475 1581 2782 1664 Popillius
2813 1587 2892 1651 C.
2925 1590 3001 1651 F.

802 1677 908 1728 cic.
932 1676 1052 1731 Loel.
1096 1670 1181 1730 P.
1203 1668 1296 1732 N.
1327 1671 1539 1732 Laenes
1558 1672 1765 1733 consul
1789 1672 1982 1733 factus
2005 1682 2112 1734 est.
2200 1674 2396 1738 Datus
2417 1679 2474 1738 ei
2499 1681 2733 1762 colleg-a
2758 1685 2843 1746 P.
2863 1685 3000 1746 Ru-

798 1762 917 1856 ·grdj
934 1808 1070 1861 Mu·
1094 1767 1273 1848 pilius
1308 1766 1393 1827 P.
1429 1767 1503 1828 F.
1531 1767 1614 1828 P.
1645 1766 1736 1828 N.
1779 1770 2007 1848 mag-nis
2048 1769 2326 1832 Africani
2363 1775 2574 1836 studiis
2621 1780 3004 1860 productus?

773 1886 849 1921 xv.
868 1875 919 1922 τ.
1096 1862 1223 1923 His
1245 1863 1451 1924 datum
1477 1866 1555 1924 ab
1580 1875 1792 1925 senatu
1819 1866 2116 1944 negotium
2141 1877 2252 1940 est,
2277 1870 2340 1929 in
2365 1871 2672 1936 seditionis
2688 1876 3000 1944 Graccha-

1092 1977 1185 2019 nae
1208 1960 1497 2020 satellites
1521 1981 1684 2021 more
1715 1963 2004 2042 majorum
2031 1964 2552 2030 animadvertendi.
2635 1971 2824 2036 Inea
2855 1997 2998 2058 cog-

1092 2055 1315 2117 nitione
1342 2058 1607 2118 acerbior
1631 2078 1738 2138 pro
1763 2057 2006 2118 familiae
2029 2081 2150 2120 suoe
2174 2062 2544 2126 vehementia
2561 2067 2740 2130 fuisse
2756 2072 2842 2134 P.
2864 2073 2996 2136 Po-

798 2159 932 2211 Plut.
954 2159 1017 2210 c.
1092 2152 1296 2234 pillius
1319 2152 1525 2225 fertur,
1542 2155 1669 2234 qui,
1689 2154 1924 2234 collega
1951 2155 2030 2216 ad
2055 2158 2496 2239 expeditionem
2517 2162 2782 2228 Siculam
2797 2189 2863 2230 se
2888 2191 2998 2253 pa-

769 2225 937 2340 ⁶33·
955 2289 1034 2340 Ti.
1090 2258 1284 2322 rante,
1308 2249 1523 2310 deinde
1559 2250 1846 2331 profecto,
1874 2253 2260 2332 quaestionem
2295 2257 2478 2319 ferme
2513 2261 2672 2322 solus
2705 2270 2995 2330 exercuit.

770 2355 917 2406 Gne.
1094 2345 1258 2426 Ergo
1288 2346 1642 2426 quibusdam
1683 2349 2002 2408 amicorum
2034 2349 2296 2412 Gracchi
2331 2355 2612 2418 inauditis
2644 2360 2996 2425 indefensis-

1091 2463 1208 2523 que
1232 2443 1483 2503 exilium
1510 2465 1637 2504 esse
1661 2444 1891 2523 jussum
1927 2445 2170 2507 tradunt
2192 2455 2231 2508 τ’
2268 2449 2416 2512 alios
2450 2473 2488 2512 a
2511 2457 2789 2518 carnifice
2817 2479 2997 2522 neca·

1088 2545 1203 2599 tos.
1288 2539 1455 2600 Inter
1478 2560 1628 2620 quos
1653 2540 1730 2600 C.
1753 2539 1932 2601 Villii
1955 2543 2310 2623 supplicium
2329 2547 2544 2628 insigni
2571 2551 2839 2616 foeditate
2857 2557 2996 2630 fuit,

1090 2655 1264 2715 quem
1292 2636 1353 2695 in
1377 2657 1484 2698 vas
1521 2635 1822 2718 quoddam
1858 2641 2227 2719 serpentibus
2261 2651 2440 2725 atque
2464 2647 2680 2730 viperis
2703 2652 2996 2734 repletum

1088 2735 1493 2813 conjecerunt.

798 2833 904 2884 cie.
922 2835 1045 2889 Lael.
1172 2835 1231 2889 9.
1277 2828 1411 2888 Sed·
1432 2848 1549 2890 non
1587 2830 1780 2889 minus
1816 2831 2102 2894 miraculo
2135 2835 2468 2899 hominibus
2501 2862 2683 2922 quam
2719 2843 2995 2927 indigna-

767 2915 815 2948 θ’
836 2904 916 2952 ¹¹·
1088 2923 1236 2986 tioni
1262 2925 1339 2985 C.
1372 2925 1563 2986 Blosii
1591 2928 1919 3007 pertinacia
1943 2929 2076 3002 fuit,
2103 2933 2206 3011 qui
2233 2933 2311 2994 ad
2339 2935 2587 2998 Laelium
2617 2943 2783 3018 (nam
2809 2955 2873 3004 et
2897 2946 2995 3008 hic

1086 3021 1427 3082 consulibus
1463 3023 1524 3082 in
1570 3023 1818 3085 consilio
1856 3025 2088 3106 aderat)
2124 3028 2502 3111 deprecatum
2544 3057 2680 3098 cum
2713 3042 2992 3116 venisset,

764 3129 876 3178 val.
898 3131 1037 3180 Max.
1089 3119 1481 3200 amicitiaeque
1507 3121 1743 3182 afferret
1775 3126 2237 3198 excusationem,
2266 3149 2370 3210 per
2395 3153 2574 3210 quam
2599 3135 2746 3196 nihil
2775 3157 2992 3219 negare

762 3193 896 3244 ΡΜ·
1086 3216 1329 3277 Tiberio
1372 3219 1677 3298 potuisset,
1724 3223 2016 3300 quaerenti
2056 3223 2265 3296 Laelio,
2295 3236 2314 3263 ‘
2339 3229 2481 3308 quid
2509 3232 2576 3291 ‘si
2620 3232 2992 3315 Capitolium

1076 3314 1347 3392 jussisset
1372 3315 1703 3384 incendere,
1731 3319 2017 3396 paruisses
2033 3319 2077 3378 ’.θ’
2159 3321 2518 3405 Respondit,
2557 3339 2576 3365 ‘
2599 3329 2714 3392 hoc
2749 3334 2990 3413 quidem

1087 3408 1429 3471 Gracchum
1464 3412 1883 3493 imperaturum
1915 3436 2030 3475 non
2061 3417 2282 3480 fuisse?
2364 3421 2619 3502 Urgenti
2646 3437 2868 3503 autem,
2894 3432 2989 3492 di-

1082 3507 1379 3586 centique,
1424 3517 1522 3568 ‘at
1564 3508 1615 3568 si
1662 3509 2060 3590 imperasset?
2141 3525 2158 3550 ‘
2186 3515 2532 3590 Fecissem,’
2569 3523 2782 3604 inquit.
2866 3527 2990 3590 Sed

1084 3601 1185 3661 ille
1230 3603 1470 3681 quidem
1512 3604 1591 3664 ad
1633 3604 1830 3666 hostes
1868 3606 2013 3686 fuga
2056 3609 2309 3691 elapsus,
2353 3623 2415 3676 et
2457 3617 2678 3679 crimen
2720 3642 2890 3684 suum
2927 3634 2990 3686 et

1081 3696 1309 3758 dictum
1334 3700 1393 3759 in
1420 3701 1732 3779 praesentia
1750 3703 2104 3784 impunitum
2125 3707 2354 3771 habuit.

1164 3801 1265 3854 10.
1308 3794 1429 3856 Sed
1456 3805 1525 3856 ut
1546 3799 1785 3859 tristitia
1807 3809 2132 3881 temporum
2155 3805 2356 3887 aliquo
2375 3823 2708 3890 opportuno
2725 3817 2988 3880 remedio

791 3892 904 3942 Val.
929 3893 1059 3945 Max.
1084 3890 1384 3964 leniretur,
1414 3893 1605 3973 legem
1641 3897 1934 3974 agrariam
1965 3907 2154 3958 ratam
2189 3915 2427 3964 senatus
2465 3907 2707 3970 habuit:
2751 3925 2985 3976 auctor-

656 3971 661 3983 ’
757 3965 928 4071 {¹1:11⁰
1081 4007 1197 4068 que
1227 3989 1445 4070 populo
1470 3990 1661 4051 factus
1685 4001 1796 4065 est,
1825 3992 2061 4055 alterius
2097 3997 2158 4056 in
2186 3997 2447 4061 Gracchi
2477 4003 2668 4065 locum
2697 4009 2985 4071 triumviri

1079 4085 1339 4149 creandi.
1425 4087 1679 4150 creatus
1721 4098 1810 4150 est
1851 4089 1932 4152 P.
1963 4091 2232 4168 Crassus,
2270 4099 2438 4178 cujus
2473 4098 2662 4164 filiam
2697 4103 2984 4170 Liciniam

1142 4275 1166 4301 ⁸
1199 4267 1417 4334 Soror-is]
1454 4269 1622 4321 Immo
1639 4271 1830 4321 amite.
2070 4274 2240 4342 ἄλλος,
2305 4279 2406 4333 ὅτις
2465 4284 2666 4335 τοιοῦτό
2725 4303 2788 4351 γε
2838 4289 2987 4356 ῥέζοι.

1144 4329 1169 4364 ⁴
1207 4335 1373 4383 Greci
1388 4335 1538 4398 po'e‘eoe
1558 4337 1716 4400 veru]
1754 4337 1992 4401 Homeri,
2073 4343 2214 4395 Creu.

1082 4394 1184 4446 od.
1222 4413 1264 4448 1.
1305 4414 1379 4452 vs.
1406 4403 1490 4452 47.
1516 4401 1606 4453 ‘ns
1649 4399 1880 4452 ἀπόλοιτο
1914 4403 1991 4454 καὶ
2136 4407 2166 4438 “
2193 4407 2260 4461 Α.
2285 4413 2352 4465 U.
2373 4414 2438 4466 C.
2461 4418 2576 4466 62⁴).
2611 4414 2677 4470 A.
2701 4418 2763 4472 C.
2791 4421 2904 4474 1⁸¹.
