3225 5242
844 559 1051 609 trem
1112 559 1211 608 u.
1254 557 1913 610 surrtauauwu.
2329 541 2512 612 ³⁹79

247 699 507 762 uti-ulis
546 719 867 783 properans
904 700 1237 771 exercitus-3
1282 709 1569 784 praterea
1605 719 1947 782 praeconum
1967 719 2174 773 voces,

246 806 315 857 et
326 799 629 858 'tubarum
652 807 899 867 cantus:
944 806 1071 858 tum
1097 799 1462 859 tribunorum
1487 799 2014 878 centurionumque
2039 817 2178 858 curn

252 894 606 955 cohortibus
641 902 747 954 aut
783 894 1099 976 manipulis
1120 893 1570 956 discurrentium
1594 894 1892 975 strepitus,
1919 895 2181 956 omnium

249 1009 463 1050 sensus
502 990 967 1052 hebetaverunt:
1010 999 1079 1052 ut
1117 991 1306 1051 veluti
1347 990 1644 1072 lymphati
1669 989 2042 1071 quantalibet
2063 991 2177 1051 ob·
2494 1049 2502 1056 .

234 1089 547 1165 jectonnn
572 1088 1039 1169 spectaculorum
1066 1087 1333 1148 foeditate
1361 1107 1569 1168 parum
1594 1096 1986 1148 moverentur.
2045 1086 2178 1147 Du·-
2236 1085 2424 1136 Oro-‚1

245 1185 411 1244 ravit
429 1184 569 1244 haee
592 1185 959 1265 oppugnatio
980 1183 1111 1245 dies
1136 1193 1457 1264 noctesque
1492 1205 1599 1244 sex
1641 1185 1973 1255 continuas,
2003 1183 2061 1242 iu
2089 1183 2178 1244 lo·
2201 1103 2482 1282 {hin-⁷·

246 1299 391 1340 cuni
410 1279 701 1340 fenorum
720 1279 1171 1341 succedentibus
1186 1279 1437 1340 subinde
1458 1281 1813 1351 recentibus,
1834 1282 2178 1362 priusquam

246 1375 460 1436 labore
500 1387 627 1437 tam
672 1378 945 1458 improbo
988 1377 1301 1460 proconsul
1340 1378 1694 1438 vinceretur.
1795 1377 1946 1449 Qui,
1971 1377 2182 1440 ceteris

248 1493 363 1554 per
384 1476 557 1534 vices
576 1475 1035 1555 quiescentibus,
1070 1474 1233 1536 solus
1270 1475 1533 1535 omnium
1558 1474 1806 1557 perdius
1839 1483 1906 1536 et
1931 1495 2177 1556 pernox,

247 1573 569 1652 somnique
610 1580 676 1632 et
714 1573 860 1643 cibi,
901 1572 1014 1632 uisi
1048 1573 1207 1632 inter
1230 1572 1420 1652 ipsum
1448 1592 1596 1652 opus
1619 1572 1800 1652 rapti,
1826 1591 2062 1652 expers,
2088 1573 2180 1633 vi-

250 1668 457 1748 gilias,
502 1667 763 1739 labores,
806 1679 1111 1750 aspectum
1150 1670 1343 1750 ipsum
1382 1677 1477 1728 tot
1506 1669 1960 1729 tristissimamm
1989 1691 2181 1731 rerum
2269 1731 2280 1740 ,

246 1765 467 1826 eadem
491 1767 783 1847 patientia
807 1766 1144 1846 pertulerat.
1228 1766 1385 1826 Turn
1409 1786 1549 1827 vero
1576 1765 1908 1826 lassitudini
1941 1765 2180 1838 cedens,

220 1851 233 1862 ⁵
246 1864 311 1923 in
338 1863 587 1924 excelso
612 1862 879 1944 quodam
903 1864 1061 1936 loco,
1088 1861 1245 1924 unde
1271 1863 1557 1944 inspicere
1593 1883 1731 1943 quae
1775 1872 2086 1942 agerenmr
2117 1874 2182 1925 et

248 1960 551 2022 moderari
577 1971 795 2041 posset,
812 1959 1123 2023 consedit.

327 2063 437 2117 45.
484 2056 754 2138 Septimo
778 2055 1019 2118 demum
1041 2056 1143 2117 die
1168 2054 1413 2138 quidam
1454 2054 1756 2138 supplices
1795 2075 1934 2116 cum
1975 2055 2180 2116 infulis

246 2151 589 2234 AEsculapii
629 2163 919 2214 venerunt
950 2153 1159 2232 (hujus
1196 2153 1355 2214 enim
1385 2152 1507 2213 Dei
1537 2151 1698 2232 mdes
1720 2151 1994 2231 religiose
2019 2150 2178 2234 apud

250 2251 413 2330 ipsos
436 2248 777 2330 colebatur)
805 2251 1057 2332 precari,
1085 2259 1105 2286 ‘
1124 2259 1194 2310 ut
1210 2251 1337 2311 vita
1351 2249 1638 2310 dedituris
1653 2269 1780 2310 sese
1800 2248 1970 2309 salva
1987 2250 2180 2310 emet!

250 2347 589 2407 Annuente
614 2345 921 2428 Scipione,
948 2347 1057 2406 nisi
1084 2347 1247 2429 quod
1271 2347 1605 2427 mnf-:gas
1619 2354 1963 2428 exceperat,
1989 2346 2180 2426 primo
2203 2359 2350 2410 om.

248 2444 565 2503 mulierum
610 2443 808 2503 millia
850 2444 1111 2525 quinque
1156 2452 1220 2504 et
1256 2445 1491 2523 viginti,
1534 2464 1679 2505 mox
1721 2443 1966 2522 triginta
1989 2441 2180 2504 millia

248 2541 517 2600 virorum
562 2560 799 2619 egressa
836 2541 1117 2621 potestati
1156 2561 1219 2600 se
1260 2542 1501 2602 victoris
1543 2541 1949 2622 permiserunt.
2042 2537 2178 2599 Alii

248 2638 515 2697 virorum
539 2637 939 2716 quadraginta
976 2637 1205 2700 millia:
1248 2637 1495 2719 quidam
1534 2639 1839 2699 hominum
1881 2636 2176 2716 quinqua-
2199 2649 2337 2702 rior.
2355 2653 2507 2700 mu.

248 2733 419 2812 ginta
460 2733 675 2804 millia,
717 2752 838 2794 non
876 2733 1158 2794 distincto
1181 2755 1351 2806 sexu,
1378 2733 1770 2796 tradiderunt.
1854 2732 2002 2794 Hoc
2027 2741 2175 2792 tem-
2200 2746 2420 2812 Appiam.

248 2848 391 2911 pore
418 2830 880 2890 accuratissimis
903 2831 1177 2912 precibus
1202 2840 1435 2892 oratum
1462 2833 1543 2892 ab
1584 2849 1770 2893 uxore
1813 2829 2176 2892 Hasdruba-
2201 2844 2314 2894 Liv.
2333 2841 2469 2910 Epit.

250 2925 367 2986 lem
391 2925 620 2999 ferunt,
662 2935 731 2988 ut
775 2927 991 2987 amissa
1014 2929 1175 2988 omni
1201 2949 1307 3010 spe
1332 2928 1723 2989 defendendae
1748 2929 1930 3001 urbis,
1959 2937 2180 3008 postre-

249 3043 410 3084 mum
437 3044 565 3084 suae
589 3043 943 3105 suorumque
966 3026 1177 3086 salutis
1201 3011 1543 3108 praesidium
1584 3027 1645 3086 in
1688 3024 2005 3086 clementia
2045 3023 2176 3085 Sci·-

250 3121 447 3200 pionis
473 3129 787 3202 quaereret.
872 3119 996 3182 Sed
1020 3125 1353 3204 expugnari
1376 3133 1505 3184 tum
1530 3122 1736 3184 stolidi
1779 3131 1844 3182 et
1885 3121 2026 3182 vani
2069 3122 2176 3181 ho·
2198 3125 2372 3178 zonu.

250 3218 427 3278 minis
451 3217 783 3298 pertinacia
808 3238 923 3278 non
954 3219 1168 3300 potuit.
1238 3219 1318 3280 In
1346 3219 1678 3301 AEsculapii
1703 3217 2014 3300 templum,
2039 3237 2177 3278 cum

252 3335 443 3374 uxore
467 3324 533 3374 et
556 3313 791 3374 duobus
815 3313 976 3386 filiis,
1015 3315 1569 3398 transfugarumque
1596 3316 1881 3396 reliquiis,
1925 3314 2003 3376 ad
2029 3333 2176 3374 non·
2201 3322 2415 3388 Appiam.

252 3419 465 3490 gentos
506 3421 872 3492 supererant,
916 3433 979 3472 se
1024 3414 1347 3494 recipiens3
1393 3411 1531 3473 inde
1575 3412 1816 3492 adjutus
1859 3409 2178 3472 altitudine

246 3507 395 3580 loci,
440 3527 583 3567 nam
626 3509 939 3587 sexaginta
982 3509 1265 3588 gradibus
1308 3510 1605 3580 adibatur,
1644 3518 1708 3570 et
1731 3507 2048 3586 transfugis
2075 3526 2179 3587 per

246 3613 579 3664 exn-emam
604 3607 1017 3666 necessitatem
1042 3605 1195 3666 nihil
1222 3627 1341 3666 non
1369 3603 1746 3676 audentibus,
1785 3603 2174 3686 repugnabat.

330 3707 435 3761 46.
480 3700 579 3761 Ut
622 3709 821 3761 autern
867 3701 1049 3775 fame,
1086 3703 1325 3782 vigiliis,
1352 3702 1680 3774 laboribus,
1706 3712 1770 3762 et
1795 3709 1956 3761 metu
1982 3700 2175 3760 immi-

250 3797 519 3856 nentium
544 3797 803 3857 confecti
826 3801 1205 3860 succumbere
1230 3809 1323 3860 tot
1348 3801 1626 3860 aerumnis
1650 3818 1901 3880 coepere,
1934 3795 2178 3856 desertis

248 3913 387 3974 quae
412 3894 639 3953 circum
660 3903 854 3965 erant,
882 3895 941 3954 in
957 3895 1160 3976 ipsam
1184 3895 1377 3956 aedem
1396 3915 1465 3958 se
1500 3897 1827 3956 inclusere:
1867 3914 1986 3955 non
2012 3891 2176 3972 quod

248 4011 385 4070 spes
408 3988 541 4052 ulla
562 4001 914 4072 superesset,
953 3991 1061 4053 sed
1100 3994 1229 4074 ipsa
1254 3993 1662 4074 desperatione
1689 3991 1886 4052 adhuc
1911 4009 1990 4048 ex
2015 3995 2176 4048 tecto
2197 4013 2370 4064 zonat.

248 4085 399 4146 ndis
420 4107 553 4147 sese
575 4086 891 4148 defensuri.
976 4089 1073 4150 At
1112 4089 1215 4150 ille
1260 4089 1670 4170 magniloquus
1709 4097 1772 4149 et
1813 4089 2175 4148 inconcussa
2229 4077 2371 4128 ³⁰³³·
2392 4077 2447 4128 3¹²

251 4181 631 4243 firmitudinis
656 4193 981 4246 ostentator
1006 4184 1384 4268 Hasdrubal,
1412 4185 1581 4246 nullo
1604 4185 1868 4255 conscio,
1889 4203 1966 4244 ne
1989 4201 2173 4242 uxore
2197 4207 2348 4260 eoves.

250 4279 494 4358 quidem
540 4289 645 4341 aut
685 4279 887 4342 liberis
932 4263 1270 4355 admonitis,
1318 4282 1397 4343 ad
1450 4303 1642 4362 genua
1687 4279 1988 4362 Scipionis
2035 4297 2172 4340 cum
2200 4274 2414 4338 Appium.

250 4377 432 4436 ramis
452 4375 603 4437 012ae
626 4378 883 4461 supplex
911 4380 1245 4460 procubuit.
1329 4379 1531 4447 Quem
1574 4379 1678 4440 ubi
1719 4378 1798 4439 ad
1846 4375 2030 4458 pedes
2077 4393 2172 4436 ae-
2196 4335 2502 4468 {gigno
