3225 5242
660 1394 666 1401 ·
715 1365 857 1417 Oros.

709 3517 825 3569 Sall.

710 3806 748 3855 1³
751 3807 837 3859 lor.
851 3808 967 3858 San.

1689 546 1762 597 Τ.
1808 545 2007 596 mvn

1045 688 1366 751 maximum
1402 690 1710 773 strepitum
1746 690 2094 754 ediderunt:
2144 710 2283 773 quae
2320 708 2458 753 cum
2496 682 2729 753 Mauris
2766 698 2955 773 :tque

1047 785 1310 848 Gaetulis
1327 807 1486 849 nova
1507 796 1572 850 et
1595 788 1832 850 insolita
1854 788 2233 861 accidissent,
2258 788 2443 851 veluti
2470 798 2709 872 stupore
2734 774 2951 863 defix'i,

1046 902 1237 964 neque
1277 901 1532 965 pugnam
1559 905 1889 967 capessere,
1926 906 2119 968 neque
2146 884 2347 965 fugam
2372 894 2710 967 potuerunt.
2790 876 2953 948 'Plu-

1043 998 1252 1060 resqne
1271 1002 1346 1041 eo
1369 980 1600 1063 praelio,
1626 1002 1809 1063 quam
1832 982 2107 1043 omnibus
2128 982 2303 1043 simul
2338 983 2765 1064 superioribus,
2790 981 2949 1043 desi-

1021 1077 1232 1169 ·derati
1257 1089 1431 1142 sunt:
1473 1100 1641 1141 arma
1660 1079 2251 1161 signaque-militaria
2275 1079 2559 1163 pleraque
2582 1089 2785 1162 capta.

1121 1180 1224 1237 26.
1269 1175 1432 1239 Haec
1455 1178 1544 1238 ita
1565 1176 1728 1259 apud
1752 1176 2101 1237 Sallustium
2126 1178 2347 1259 scripta
2369 1185 2537 1238 snut:
2582 1198 2723 1237 nam
2740 1187 2951 1238 aueto-

1043 1291 1155 1345 res,
1184 1292 1334 1354 quos
1365 1282 1603 1335 secutus
1628 1274 1877 1335 Orosius
1896 1282 2008 1345 est,
2034 1273 2269 1335 diversa
2302 1273 2577 1354 quaedam
2601 1273 2949 1335 retulerunt.

1043 1368 1202 1429 Post
1209 1368 1248 1429 J
1251 1372 1516 1450 ugurtbae
1537 1370 1885 1450 Bocchique
1894 1372 2029 1451 conj
2038 1371 2401 1443 unctionem,
2419 1390 2728 1431 numeroso
2746 1390 2949 1449 regum

1041 1466 1310 1546 equitatu
1354 1466 1696 1531 Marianum
1740 1467 2065 1528 exercitum
2111 1467 2481 1528 creberrimis
2520 1467 2951 1527 incursionibus

1041 1572 1326 1626 vexatmn
1351 1564 1566 1635 fuisses
1614 1572 1909 1645 postremo
1926 1563 2113 1625 Cirtae
2132 1564 2631 1645 expugnationem
2656 1562 2950 1625 meditan-

1041 1670 1102 1723 te
1131 1659 1434 1735 Romano,
1462 1680 1771 1722 occursum
1804 1680 1845 1721 a
1868 1662 2122 1742 regibus.
2206 1661 2457 1743 Anceps
2497 1660 2560 1721 id
2596 1660 2860 1743 praelium
2884 1671 2951 1722 et

1043 1757 1362 1839 multiplici
1397 1766 1682 1819 terrorum
1722 1760 1923 1840 specie
1967 1767 2140 1819 atrox
2180 1756 2554 1829 describimr,
2592 1778 2731 1819 cum
2775 1778 2816 1818 a
2854 1768 2952 1819 tot

1041 1853 1307 1915 millibus
1335 1855 1604 1935 equitum
1628 1856 1897 1916 excitata
1934 1854 2195 1939 pulveris
2218 1854 2403 1915 nubes
2426 1853 2641 1937 coelum
2664 1855 2947 1936 operiret,

1037 1950 1202 2012 diem
1226 1954 1639 2034 mppr-imeret,
1667 1952 1915 2033 visuque
1942 1952 2020 2013 ad
2044 1950 2376 2013 cavendum
2404 1950 2666 2025 ademto,
2692 1970 2949 2033 corpora

1039 2048 1176 2109 telis
1219 2049 1531 2112 confertim
1583 2042 1980 2111 incidentibus
2027 2050 2254 2111 intecta
2273 2048 2303 2085 ⁶
2354 2056 2537 2129 atque
2586 2049 2947 2111 incustodita

1039 2145 1351 2227 praeberet.
1435 2145 1643 2207 Nocte
1669 2147 1967 2208 remissam
1994 2164 2277 2227 pugnam,
2302 2144 2671 2226 eandemque
2694 2166 2945 2226 sequen-

1037 2243 1118 2303 tis
1157 2242 1336 2303 etiam
1377 2242 1500 2304 diei
1545 2244 1854 2325 noctisque
1896 2242 2074 2303 fuisse
2118 2242 2357 2313 faciem,
2400 2240 2659 2303 additur.
2741 2240 2949 2303 Tertia

1037 2337 1276 2400 demum
1315 2339 1416 2400 die
1455 2338 1835 2421 desperantes
1874 2338 2184 2400 Romanos
2226 2339 2497 2399 universo
2536 2338 2770 2418 agmine
2812 2360 2945 2399 eru-

1039 2435 1213 2516 pisse.
1296 2433 1402 2497 Ne
1435 2436 1520 2495 sic
1555 2435 1799 2516 quidem
1824 2436 1903 2495 ab
1938 2435 2163 2515 impetu
2190 2426 2447 2495 bostium
2482 2444 2782 2495 extremos
2808 2454 2943 2496 car-

1006 2532 1326 2612 pentium,
1376 2540 1443 2591 et
1483 2532 1612 2592 sitis
1662 2540 1953 2612 aestusque
2002 2530 2315 2603 violentia,
2362 2531 2478 2591 nisi
2528 2530 2754 2591 coelesti
2802 2552 2943 2613 ope,

1037 2626 1337 2701 liberatos,
1371 2627 1718 2708 repentinae,
1762 2636 2048 2708 tanquam
2086 2646 2121 2687 e
2162 2627 2463 2699 machina,
2502 2626 2721 2708 pluviae
2760 2628 2943 2689 bene-

1037 2723 1178 2785 ficio
1199 2724 1502 2804 utriusque
1525 2722 1673 2783 mali
1711 2723 2035 2785 remedium
2070 2724 2387 2785 invenisse.
2472 2722 2642 2785 Nam
2681 2731 2748 2784 et
2774 2723 2941 2785 refri-

1037 2821 1392 2899 gerationem
1419 2819 1597 2880 simul
1625 2828 1947 2901 potumque
1974 2820 2308 2900 praestitisse
2336 2840 2561 2902 aquas:
2602 2829 2669 2881 et
2704 2821 2941 2881 eusdem

1035 2918 1358 2979 inhabilem
1398 2918 1659 2979 hostium
1704 2924 2065 2978 armaturam
2102 2916 2335 2978 fecisse.
2436 2914 2581 2977 Afri
2618 2918 2779 2979 enim
2814 2919 2941 2979 sine

1035 3016 1280 3076 amentis
1315 3035 1494 3077 manu
1529 3016 1863 3095 intorquere
1876 3013 2091 3095 jacula
2112 3014 2408 3089 solebant,
2442 3024 2733 3097 scutaque
2756 3016 2941 3077 babe-

1033 3114 1180 3174 bant
1196 3134 1274 3173 ex
1299 3112 1600 3193 elephanti
1626 3112 1807 3173 corio.
1890 3110 2083 3192 Igitur
2106 3112 2347 3174 hastilia
2370 3113 2558 3174 imbre
2582 3113 2815 3175 lubrica
2837 3135 2938 3175 co-

1032 3220 1238 3275 natum
1262 3211 1621 3271 mittentium
1644 3208 2099 3295 frustrabantur,
2134 3218 2196 3271 et
2232 3217 2423 3282 scuta,
2450 3210 2615 3291 quod
2640 3212 2774 3292 ejus
2794 3212 2940 3272 corii

1033 3310 1160 3369 haec
1181 3317 1412 3381 natura,
1437 3315 1506 3367 ut
1525 3326 1745 3387 aquam
1770 3296 1829 3367 in
1854 3307 2119 3388 spongiae
2144 3326 2363 3369 morem
2382 3308 2611 3381 ebibat,
2633 3317 2811 3371 aucto
2831 3309 2937 3372 ad-

1034 3404 1272 3465 modum
1299 3403 1557 3486 pendere
1581 3402 1945 3465 circumferri
1964 3404 2043 3463 ad
2068 3403 2429 3486 excipienda
2449 3405 2577 3467 tela
2595 3406 2941 3487 nequibant.

1117 3508 1219 3565 27.
1263 3500 1385 3562 Sed
1424 3500 1656 3561 Marius
1680 3520 2021 3583 quanquam
2042 3502 2127 3562 ita
2148 3502 2451 3563 summotis
2472 3502 2763 3578 hostibus,
2798 3506 2939 3566 reli-

1036 3618 1220 3680 quum
1243 3600 1356 3659 iter
1395 3618 1514 3659 non
1553 3599 1749 3659 minus
1780 3607 1992 3660 cautus
2034 3600 2411 3682 intentusque
2450 3600 2674 3662 inibat:
2714 3604 2939 3665 mariti-

1035 3716 1194 3757 mam
1225 3716 1394 3757 oram
1428 3705 1658 3778 petens,
1696 3696 1798 3757 ubi
1828 3706 2195 3759 commeatus
2216 3698 2551 3780 expeditior
2582 3700 2759 3781 copia
2790 3684 2939 3762 erat.

1037 3794 1260 3877 Neque
1275 3798 1408 3875 jam
1431 3794 1606 3874 longe
1628 3793 1803 3855 Cirta
1822 3795 2053 3865 aberat,
2080 3814 2219 3855 cum
2246 3796 2324 3855 ab
2348 3796 2509 3856 omni
2534 3804 2703 3877 parte
2724 3816 2939 3879 specu-

1035 3892 1252 3953 latores
1288 3892 1395 3953 citi
1433 3892 1699 3964 veniunt,
1743 3890 1970 3952 hostem
2004 3890 2211 3953 adesse
2256 3892 2610 3955 nuntiantes.
2692 3896 2937 3977 Quippe

1031 3987 1332 4068 Jugurtha
1369 4010 1504 4049 suos
1546 3987 1969 4069 quadrifariam
2006 3989 2310 4063 diviserat,
2350 3998 2515 4051 ratus
2548 4012 2625 4052 ex
2664 3993 2939 4053 omnibus

1033 4086 1235 4165 utique
1257 4085 1488 4165 aliquos
1511 4095 1677 4164 terga
1699 4083 1957 4145 hostium
1993 4083 2333 4165 adepturos,
2358 4095 2443 4159 et,
2480 4088 2815 4169 priusquam
2844 4088 2936 4149 illi

1033 4202 1095 4241 se
1121 4190 1553 4254 converterent,
1593 4181 1913 4243 tumultum
1950 4181 2221 4243 illaturos
2256 4202 2406 4244 esse.
2492 4182 2723 4245 Verum
2748 4184 2937 4247 Marii

1481 4442 1503 4453 -
1619 4420 1652 4465 6
1688 4414 1874 4477 Iniecta
1892 4413 2015 4467 edd.
2036 4419 2159 4467 ante
2182 4414 2341 4467 Crev-
