3225 5242
637 620 660 666 .;
704 597 884 666 4³64
1678 616 1753 670 ϊ.
1800 615 1997 667 mvn

1033 757 1334 838 ingenium
1368 767 1596 840 quanta
1622 767 1855 841 poterat
1874 759 2252 821 contentione
2276 758 2459 820 decus
2480 779 2657 822 omne
2682 759 2961 828 detrabe-

739 861 856 912 an.
874 859 1011 909 Mu.
1033 855 1160 916 bat.
1248 849 1418 917 Nam
1451 865 1516 917 et
1555 853 1805 917 Graecas
1842 854 2045 918 literas
2083 856 2455 938 despiciebat
2487 856 2604 918 hoc
2634 865 2961 938 praetexui,

705 933 859 1106 {³23¹}-
1036 951 1238 1110 ’ἐξὲξ
1257 951 1602 1112 ἓΉ
1620 952 2811 1111 mmmmm
2828 955 2965 1110 :212

713 1137 850 1252 <32:52
865 1151 980 1253 ΡΒ)9
1039 1145 1280 1206 omnino
1321 1146 1603 1208 adversus
1640 1070 1995 1207 ffimaniora
2031 1145 2229 1206 studia
2260 1145 2484 1206 durior.
2569 1145 2779 1213 Quare
2818 1166 2961 1206 cum

737 1235 870 1318 Plnt:
889 1267 1020 1320 m„
1043 1243 1104 1304 in
1129 1242 1504 1304 dedicatione
1529 1242 1677 1304 aedis
1700 1262 1780 1304 ex
1805 1263 1969 1304 more
2001 1242 2341 1324 spectacula
2363 1241 2589 1304 Graeca
2612 1241 2841 1314 ederet,
2868 1244 2963 1304 in·

705 1328 817 1382 ⁵⁸5⁸·
1039 1360 1270 1420 gressus
1293 1341 1589 1400 theatrum
1613 1338 1903 1400 assedisse
1926 1347 2178 1408 ‚tantum
2217 1339 2456 1412 dicitur,
2498 1347 2562 1400 et
2593 1340 2793 1400 statim
2836 1340 2962 1422 dis-

971 1494 981 1505 .
1037 1456 1300 1500 cessisse.

1119 1539 1221 1596 79.
1264 1533 1475 1614 Atque
1501 1531 1662 1594 idem
1696 1552 1858 1604 cum,
1894 1530 2055 1612 quod
2082 1531 2162 1590 in·
2180 1527 2290 1590 illa
2316 1533 2554 1592 natione
2580 1531 2963 1593 commodum

1037 1649 1110 1690 ac
1135 1629 1382 1706 liberale
1411 1631 1625 1702 inerat,
1663 1638 1975 1710 tantopere
2010 1637 2397 1700 aversaretur,
2441 1649 2480 1690 a
2522 1630 2787 1690 vanitate
2830 1650 2961 1692 cre-

1035 1724 1364 1788 dendarum
1391 1726 1931 1805 imitandammque
1968 1723 2316 1784 Graecarum
2341 1723 2681 1784 fabularum
2708 1745 2825 1786 non
2854 1727 2963 1792 ab·

742 1828 1012 1882 Vahuax.
1039 1822 1281 1884 horruit.
1363 1821 1536 1884 Nam
1559 1831 1630 1883 ut
1660 1821 1892 1882 Bacchi
1914 1820 2190 1882 victorias
2212 1821 2335 1880 suis
2353 1840 2471 1881 non
2499 1820 2677 1882 fuisse
2704 1824 2965 1901 majores

707 1901 870 2012 ''fig‘-
1040 1918 1351 1991 indicaret,
1379 1928 1514 2002 post
1543 1919 1795 1980 alterum
1825 1918 2181 1998 triumphum
2208 1918 2497 1978 cantharo
2521 1927 2729 1999 potare
2754 1919 2965 1980 solitus

709 2022 914 2095 ugus.
937 2029 1019 2078 u.
1039 2027 1153 2090 est,
1178 2017 1342 2098 quod
1367 2039 1440 2078 eo
1465 2016 1665 2100 poculi
1700 2037 1913 2098 genere
1940 2025 2075 2098 post
2110 2013 2357 2076 Indicas
2389 2015 2799 2098 expeditiones
2823 2037 2967 2077 usus

1038 2116 1144 2176 ille
1169 2114 1482 2176 diceretur.

1119 2219 1224 2274 80.
1267 2212 1364 2273 At
1391 2213 1477 2282 Q.
1507 2211 1765 2272 Catulus
1792 2211 1967 2290 long'e
1990 2210 2209 2292 dispari
2247 2209 2615 2272 humanitate
2640 2218 2703 2270 et
2728 2209 2962 2270 modes-

1039 2309 1148 2380 tia,
1177 2329 1372 2390 neque
1397 2309 1655 2370 insolens
1679 2310 1999 2390 quicquam
2022 2307 2166 2368 fecit
2187 2307 2441 2378 dixitve,
2468 2318 2532 2367 et
2554 2326 2663 2388 pro
2688 2305 2963 2385 mag-nifi-

741 2411 850 2462 Cic.
870 2429 956 2478 pro
1037 2407 1237 2466 centia
1275 2403 1436 2467 urbis
1461 2415 1523 2466 et
1547 2405 1850 2486 elegantia
1875 2414 2229 2485 temporum,
2265 2413 2649 2464 monumenta
2681 2412 2878 2463 sumtu
2902 2413 2969 2464 et

711 2475 2165 2660 2ff;::÷³:.:z¹z:::;:i⁰::;:
2208 2498 2966 2658 “32:2235225222:

708 2671 771 2721 P·
797 2643 928 2723 vm:
1037 2621 1391 2778 latio,quae
1431 2696 1735 2775 regionum
1760 2642 1930 2755 urbis
1947 2641 2185 2754 decimi:
2212 2618 2573 2753 :niumm-atur.
2650 2640 2880 2777 ,ἑανοῦ
2904 2703 2970 2753 et

1039 2791 1352 2854 inusitatus
1377 2801 1557 2854 antea
1591 2792 1802 2854 titulus
1828 2791 1995 2864 aedis,
2022 2810 2211 2870 eoque
2249 2789 2566 2854 notabilior
2594 2787 2729 2860 fuit,
2774 2798 2793 2824 ⁸
2816 2787 2965 2848 For-

743 2887 876 2937 Plin.
1041 2897 1204 2950 tunae
1227 2889 1472 2969 hujusce
1497 2888 1620 2950 diei
1636 2889 1679 2959 3’
1720 2889 1864 2970 quia
1888 2887 2159 2969 praelium
2189 2885 2437 2946 initurus
2472 2887 2558 2945 ita
2593 2895 2793 2946 votum
2822 2905 2965 2946 con-

745 2968 854 3066 gio,
867 3017 930 3066 do
1040 2995 1314 3066 ceperat:
1356 2985 1460 3046 sed
1497 2986 1612 3047 hoc
1638 2985 1700 3045 in
1730 2983 1991 3064 singulos
2014 2983 2211 3045 valere
2233 2980 2362 3042 dies
2380 2981 2753 3042 credebatur.

712 3079 833 3146 1⁴⁸3·
855 3099 920 3133 ¹¹·
937 3085 1019 3132 1¹·
1120 3089 1223 3144 81.
1255 3081 1378 3143 His
1401 3083 1579 3144 rebus
1602 3080 1909 3142 laetissima
1927 3081 2165 3150 civitas,
2185 3077 2528 3138 defunctam
2546 3098 2608 3137 se
2626 3079 2789 3138 omni
2809 3077 2963 3159 peri-

713 3193 840 3246 rlor.
862 3200 950 3250 in.
965 3185 1026 3248 ιζ
1040 3177 1202 3252 culo,
1225 3177 1542 3239 liberatam
1565 3177 1837 3250 Italiam,
1878 3185 2163 3238 assertum
2185 3170 2517 3256 imperium,
2540 3182 2605 3234 et
2621 3193 2829 3236 carum
2856 3195 2967 3232 nu-

1041 3276 1300 3336 minibus
1327 3274 1534 3358 populi
1555 3273 1825 3334 Romani
1852 3293 2064 3333 nomen
2100 3273 2370 3332 omnibus
2410 3269 2778 3331 sermonibus
2802 3269 2965 3329 cele-

1041 3372 1294 3434 brabat:
1322 3373 1608 3444 maxime,
1631 3369 1795 3452 quod
1814 3370 2049 3442 eadem,
2070 3389 2192 3450 qua
2208 3375 2535 3449 pugnatum
2562 3375 2696 3427 erat
2714 3365 2839 3441 die,
2862 3363 2969 3447 p'ro

1045 3467 1315 3530 Castoris
1343 3471 1598 3548 juvenes
1632 3467 1784 3530 duos
1809 3468 2105 3556 laureatos
2131 3466 2373 3548 praetori
2401 3465 2734 3546 porrexisse
2762 3463 2969 3523 literas

1042 3567 1498 3646 percrebuerat:
1525 3565 1807 3648 quodque
1836 3566 1896 3625 in
1926 3567 2157 3626 theatro
2185 3564 2338 3623 inter
2363 3561 2781 3644 spectandum,
2802 3559 2969 3620 nullo

1041 3656 1207 3725 ee'rto
1235 3672 1502 3735 auctore,
1529 3663 1797 3724 victoriae
1834 3661 2157 3722 Cimbricae
2195 3659 2471 3741 plausum
2512 3659 2731 3718 fuerat.
2814 3655 2969 3716 Hoc

1044 3758 1292 3822 enimin
1317 3767 1486 3820 tanto
1512 3759 1778 3820 locorum
1818 3755 2135 3820 intervallo
2176 3754 2307 3816 fieri
2346 3754 2475 3828 sine
2521 3753 2761 3813 numine
2800 3750 2969 3812 Deo-

1045 3876 1173 3916 rum
1211 3857 1550 3937 nequivisse
1567 3877 1586 3929 ;
1629 3876 1820 3938 neque
1865 3855 2017 3917 alios
2046 3857 2301 3935 juvenes
2340 3871 2521 3934 quam
2560 3849 2873 3910 Castorem
2908 3858 2974 3908 et

969 3945 972 3950 ¹
1046 3953 1370 4016 Pollucem
1423 3954 1995 4037 interpretabantur:
2060 3951 2333 4034 proniore
2384 3950 2445 4010 in
2495 3947 2767 4012 fabulam
2820 3944 2964 4024 fide,

637 4098 648 4120 2
716 4063 789 4182 E·
807 4067 1020 4180 ¹⁰:12¹}
1045 4050 1209 4131 quod
1238 4051 1297 4110 in
1323 4050 1578 4207 νέατοι-ἦα
1602 4049 1817 4112 Paulli
1844 4047 2248 4112 Macedonica
2280 4045 2589 4127 vulg-atum
2620 4042 2813 4106 simile
2852 4043 2967 4102 mi-

779 4147 824 4181 '·
956 4165 966 4178 ·
1007 4165 1022 4182 ·
1047 4147 1316 4208 taculum
1377 4157 1563 4208 uerat.

681 4251 689 4254 ’
843 4247 852 4254 ’
1130 4250 1230 4304 82.
1275 4243 1542 4304 Subinde
1581 4243 1761 4303 etiam
1804 4263 1879 4302 ex
1923 4239 2229 4323 Hispania
2256 4237 2583 4319 Siciliaque
2618 4254 2875 4295 rumores
2902 4241 2969 4294 et

729 4324 841 4377 ³⁰¹·
861 4324 983 4374 obs.
1051 4341 1240 4401 nuntii
1297 4341 1449 4419 grati
1506 4339 1930 4400 adventabant.
2017 4337 2092 4398 In
2142 4336 2448 4417 Hispania
2500 4333 2643 4394 victi
2678 4331 2965 4420 ,Lusitani

725 4389 888 4507 13⁰⁸·
905 4407 1016 4508 ⁸¹¹⁰„
1051 4446 1236 4497 erant.
1322 4437 1434 4497 Μ’.
1463 4436 1777 4518 Aquillius
1800 4433 2006 4496 consul
2032 4453 2153 4494 rem
2192 4429 2791 4524 adversus-fugitivos
2816 4427 2963 4486 bene
