3225 5242
715 500 892 571 4344
1668 520 1739 569 τ.
1784 518 1981 569 mvn

1039 663 1194 725 torio
1231 682 1394 725 more
1427 664 1775 742 sanguinem
1812 665 2115 748 vitamque
2152 660 2525 745 profundere,
2566 683 2843 745 magnum
2886 677 2951 729 ct

1039 761 1256 823 virtute
1281 762 1582 840 egregium
1609 762 1947 822 baberetur.

711 860 820 910 Liv-
845 860 980 927 Epit.
1119 864 1222 937 33.
1266 857 1525 931 Hostes,
1561 859 1667 919 ubi
1710 878 1923 940 pugnat
1962 859 2140 940 copia
2184 878 2299 919 non
2338 856 2552 931 fiebat,
2581 859 2955 941 impatientia

705 926 864 1039 gfff
1039 972 1222 1018 morae
1245 954 1326 1015 ad
1353 956 1857 1036 oppugnationem
1880 948 2207 1017 castrorum
2244 956 2423 1027 versi,
2446 956 2731 1016 continuo
2756 954 2953 1015 triduo

1041 1050 1120 1110 ad
1159 1050 1390 1111 vallum
1416 1050 1744 1112 intulerunt
1768 1052 1953 1131 signa.
2038 1050 2163 1111 Sed
2188 1053 2417 1112 nemine
2440 1061 2647 1113 contra
2670 1062 2953 1127 exeunte,

1039 1165 1177 1206 cum
1193 1146 1514 1209 missilibus
1529 1148 1705 1209 inulti
1722 1148 2025 1221 caderent,
2046 1158 2259 1229 preter
2274 1158 2473 1210 castra
2492 1148 2677 1208 Marii
2700 1150 2953 1221 ducunt,

714 1252 946 1301 Plu-111·
969 1254 1020 1300 8.
1043 1253 1062 1280 ‘
1091 1244 1337 1307 Italiam
1395 1247 1633 1327 petere’
1672 1246 2083 1317 clamitantem
2128 1256 2146 1284 ‘
2168 1248 2220 1307 si
2262 1248 2409 1328 quid
2452 1246 2531 1306 ad
2568 1267 2783 1307 uxores
2820 1246 2955 1307 Ro-

693 1346 850 1403 ·Plut.
1041 1343 1202 1403 mani
1235 1343 1452 1404 milites
1483 1342 1734 1417 vellent,
1774 1364 1839 1405 se
1862 1344 2145 1405 mandata
2178 1342 2549 1424 perlaturos!
2633 1341 2825 1404 Sexto
2848 1344 2957 1404 de-

947 1428 954 1441 ’
1043 1457 1204 1499 mum
1229 1438 1330 1499 die
1357 1448 1715 1521 postremum
1736 1460 1947 1519 agmen
1972 1448 2170 1500 castra
2194 1439 2523 1520 praeoerisse
2546 1438 2732 1499 fertur
2761 1459 2778 1499 :
2820 1448 2959 1499 tan-

1043 1543 1168 1596 tam
1193 1534 1374 1595 fuisse
1401 1544 1759 1597 armatorum
1786 1535 2251 1596 multitudinem.

717 1634 848 1688 Plor.
1125 1639 1226 1693 14.
1271 1630 1494 1712 Neque
1541 1630 1822 1713 deince'ps
1867 1652 2005 1704 una,
2066 1631 2173 1694 sed
2224 1632 2518 1713 tripartito
2578 1632 2961 1695 incesserunt.

1044 1726 1321 1800 Teutoni,
1353 1748 1476 1808 qua
1513 1730 1851 1809 proximum
1890 1727 1969 1790 ad
2002 1726 2205 1809 ’Alpes
2240 1730 2351 1788 iter
2374 1736 2545 1788 erat:
2588 1727 2819 1788 Cimbri
2844 1730 2963 1789 cir·

1045 1826 1268 1885 cumitu
1307 1826 1598 1906 petebant
1641 1826 1929 1897 Athesin,
1974 1826 2283 1888 Helvetiis
2322 1825 2401 1885 ad
2448 1823 2715 1887 Nor-icas
2762 1824 2967 1906 Alpes

1046 1922 1444 2003 pergentibus.
1531 1922 1789 1995 Marius,
1845 1923 2201 2003 simulatque
2262 1930 2651 2003 ptaetervecta
2704 1922 2971 1983 hostium

724 2029 858 2079 Plut.
1047 2020 1288 2097 agmina
1317 2018 1574 2091 fuerant,
1611 2018 1939 2093 Teutonos,
1981 2016 2156 2087 unde,
2174 2020 2477 2100 proximus
2515 2017 2715 2079 Italiae
2745 2028 2965 2090 metus,

1045 2116 1134 2177 ita
1155 2116 1436 2197 subsequi
1463 2104 1665 2197 coepit,
1708 2125 1777 2176 ut
1806 2116 1989 2197 quam
2024 2108 2309 2197 proxime'
2331 2114 2467 2177 illos
2486 2116 2707 2176 stativa
2726 2136 2969 2197 semper

1045 2222 1311 2295 poneret,
1337 2213 1444 2273 sed
1469 2211 1616 2274 locis
1650 2212 1901 2287 idoneis,
1928 2223 2007 2303 ,et
2041 2212 2361 2293 diligenter
2394 2214 2655 2275 munitis.
2737 2211 2845 2273 Sic
2884 2214 2971 2275 ad

1045 2311 1266 2392 Aquas
1303 2310 1544 2371 Sextias
1581 2330 1957 2393 processum:
2022 2309 2179 2371 Inde
2224 2330 2360 2371 cum
2398 2328 2605 2390 parum
2648 2308 2728 2370 ad
2764 2307 2977 2392 Alpes

1051 2409 1278 2469 itineris
1317 2415 1586 2479 restaret,
1620 2428 1707 2469 eo·
1728 2409 1989 2471 maxime
2024 2406 2161 2469 loco
2196 2406 2274 2467 de
2312 2426 2543 2468 summa
2566 2426 2759 2467 rerum
2782 2406 2974 2467 dimi-

1047 2526 1187 2567 care
1213 2504 1454 2589 ,Marius
1477 2506 1705 2565 statuit.

723 2608 854 2660 Flor.¹
1093 2652 1102 2669 .
1133 2611 1233 2665 15.
1262 2604 1414 2665 Erat
1435 2604 1645 2664 castris
1670 2604 1757 2664 ita
1780 2612 2001 2686 captus
2016 2602 2203 2678 locus,
2229 2613 2299 2664 ut
2320 2604 2588 2665 hostibus
2607 2603 2843 2685 quidem
2866 2626 2973 2667 su-

726 2705 858 2755 Pflut.
1054 2700 1308 2781 pei-iota,
1333 2720 1525 2781 eoque
1551 2702 1775 2763 tutiora
1798 2710 2027 2771 essentz
2072 2710 2333 2763 ceterum
2358 2700 2577 2761 vallem
2600 2700 2975 2783 fluviumque

757 2800 922 2851 Pront'.
1059 2798 1254 2859 hostes
1277 2806 1564 2859 tenerent.
1642 2798 1723 2859 Id
1748 2797 2019 2879 quamvis
2044 2798 2253 2859 dedita
2284 2818 2468 2879 opera
2504 2798 2729 2866 factum
2754 2818 2792 2858 a
2818 2798 2975 2862 Ma-

724 2869 870 2918 S‘m'
897 2881 959 2914 ¹¹·
979 2868 1032 2916 ⁷⁰
1057 2896 1148 2955 rio
1186 2894 1428 2976 quidam
1463 2894 1879 2977 prodiderunt3
1924 2896 2163 2977 propius
2200 2894 2381 2956 fidem
2418 2904 2531 2967 est,
2562 2894 2893 2977 profectum
2934 2918 2979 2958 a

727 2996 872 3071 Oros.
1057 3001 1408 3055 metatorum
1443 2991 1841 3073 imprudentia
1865 2993 2097 3065 vitium,
2138 2992 2387 3054 consilio
2412 2992 2583 3054 ducis
2605 2993 2665 3053 in
2698 2994 2975 3055 occasio-

725 3061 1030 3191 pffdffissssm.
1057 3110 1192 3152 nem
1215 3089 1484 3153 victoriae
1504 3108 1737 3151 versum
1772 3110 1919 3151 esse.
2003 3088 2175 3151 Nam
2202 3068 2318 3151 'ille
2352 3090 2509 3149 sitim
2546 3091 2977 3165 metuentibus,

726 3206 772 3239 c.
793 3195 948 3267 ‘aaut
1057 3186 1308 3267 digitum
1349 3187 1724 3269 protendens,
1753 3198 1771 3225 ‘
1794 3188 1939 3259 En?
1980 3188 2241 3268 iuquit,'‘
2263 3206 2507 3268 aquam,
2538 3186 2645 3247 sed
2678 3188 2979 3266 sauguine

725 3255 904 3371 1218an
921 3272 970 3306 ⁰·
1057 3284 1371 3345 venalemss
1413 3282 1956 3356 Succlamantibus,
1979 3293 1998 3322 ‘
2013 3283 2258 3345 duceret
2276 3272 2797 3365 ergo,'priusquam
2813 3294 2981 3346 aestu

1057 3382 1294 3461 sanguis
1319 3382 1692 3455 exaruisset,'
1718 3384 1879 3464 prius
1902 3402 2029 3443 esse
2054 3380 2375 3443 munienda
2397 3388 2597 3441 castra
2620 3380 2951 3462 respondit.

733 3480 880 3531 Oro·-
1139 3484 1240 3539 16.
1285 3478 1432 3540 Hoc
1457 3500 1608 3559 opus
1646 3480 1792 3541 dum
1830 3478 2083 3541 demisso
2110 3478 2279 3541 vultu
2322 3477 2493 3539 miles
2526 3478 2895 3557 aggreditur,
2942 3500 2987 3540 a

727 3548 864 3598 Plut.
884 3548 1015 3598 Mar.
1057 3574 1369 3635 calonibus
1393 3584 1586 3636 ortum
1611 3596 1827 3657 pugnae
1852 3575 2085 3637 initium
2104 3586 2235 3637 est:
2280 3576 2385 3656 qui
2410 3584 2695 3656 aquatum
2718 3594 2857 3634 cum
2876 3596 2985 3635 ar-

1059 3670 1192 3742 mis,
1227 3669 1432 3752 qualia
1467 3674 1686 3753 cuique
1722 3694 1847 3733 sors
1878 3674 2205 3744 obtulerat,
2238 3672 2511 3753 profecti,
2537 3690 2673 3732 cum
2702 3691 2739 3730 a
2762 3672 2989 3751 paucis

1057 3766 1318 3829 bostium
1337 3769 1735 3842 turbarentur,
1752 3770 1989 3831 sublato
2006 3764 2495 3832 clamoremanus
2512 3777 2945 3829 conseruerunt
2965 3790 2985 3831 ε

1062 3883 1334 3947 aegreque
1381 3865 1633 3927 militem
1685 3868 2031 3928 continebat
2073 3866 2327 3939 Marius,
2378 3865 2457 3927 de
2502 3866 2858 3945 agasonibus
2918 3876 2991 3928 et

1051 3964 1341 4041 jumentis
1379 3963 1715 4025 solicitum:
1756 3964 1952 4026 donec
1975 3963 2386 4025 Ambronibus
2422 3964 2481 4023 in
2521 3962 2789 4044 praelium
2828 3984 2989 4045 pro-

1063 4058 1432 4133 cedentibus,
1461 4060 1582 4141 ipse
1605 4082 1842 4143 quoque
1868 4062 2145 4123 instruxit
2165 4082 2321 4121 suos·

755 4176 934 4241 vaget.
951 4191 1038 4230 m,
1143 4162 1246 4220 17.
1290 4156 1608 4218 Exercitus
1650 4158 1879 4219 hostilis
1919 4159 2081 4220 haud
2130 4168 2430 4241 postrema
2462 4178 2600 4239 pars
2634 4156 2993 4221 Ambrones

733 4244 868 4355 {Jl'sst-
1062 4260 1251 4323 eraut,
1280 4252 1359 4313 ad
1383 4254 1629 4333 triginta
1652 4256 1953 4317 hominum
1972 4256 2182 4329 millia,
2210 4276 2532 4336 eorumque
2553 4256 2809 4315 maxime
2828 4275 2995 4336 ope-

904 4387 914 4395 ·
1023 4354 1028 4359 “
1063 4369 1130 4408 ra
1167 4350 1310 4411 victi
1357 4350 1610 4415 Mallius
1645 4351 1972 4437 Caepioque
2006 4354 2379 4418 dicebantur.
2462 4352 2555 4415 Hi
2596 4352 2739 4413 licet
2776 4357 2995 4417 onusti
