<?xml version="1.0" encoding="UTF-8"?>
<!DOCTYPE html PUBLIC "-//W3C//DTD XHTML 1.0 Transitional//EN"
    "http://www.w3.org/TR/xhtml1/DTD/xhtml1-transitional.dtd">
<html xmlns="http://www.w3.org/1999/xhtml" xml:lang="en" lang="en">
 <head>
  <title>
</title>
<meta http-equiv="Content-Type" content="text/html;charset=utf-8" />
  <meta name='ocr-system' content='tesseract 3.04.00' />
  <meta name='ocr-capabilities' content='ocr_page ocr_carea ocr_par ocr_line ocrx_word'/>
</head>
<body>
  <div class='ocr_page' id='page_1' title='image "./tliviipatavinih36unkngoog_0136.png"; bbox 0 0 3225 5242; ppageno 0'>
   <div class='ocr_carea' id='block_1_1' title="bbox 766 3893 1068 4009">
    <p class='ocr_par' dir='ltr' id='par_1_1' title="bbox 766 3893 1068 4009">
     <span class='ocr_line' id='line_1_1' title="bbox 766 3893 1068 3947; baseline 0.02 -6"><span class='ocrx_word' id='word_1_1' title='bbox 766 3893 1068 3947; x_wconf 55' lang='lat' dir='ltr'>Fluunt-1⁹.</span> 
     </span>
     <span class='ocr_line' id='line_1_2' title="bbox 770 3958 920 4009; baseline 0.02 -3"><span class='ocrx_word' id='word_1_2' title='bbox 770 3958 920 4009; x_wconf 76' lang='lat' dir='ltr'>Diod.</span> 
     </span>
    </p>
   </div>
   <div class='ocr_carea' id='block_1_2' title="bbox 1751 557 2064 609">
    <p class='ocr_par' dir='ltr' id='par_1_2' title="bbox 1751 557 2064 609">
     <span class='ocr_line' id='line_1_3' title="bbox 1751 557 2064 609; baseline -0.006 -1"><span class='ocrx_word' id='word_1_3' title='bbox 1751 558 1824 608; x_wconf 77' lang='lat'>&#39;1¹-</span> <span class='ocrx_word' id='word_1_4' title='bbox 1869 557 2064 609; x_wconf 73' lang='lat' dir='ltr'>mvn</span> 
     </span>
    </p>
   </div>
   <div class='ocr_carea' id='block_1_3' title="bbox 1090 695 3096 4348">
    <p class='ocr_par' dir='ltr' id='par_1_3' title="bbox 1107 695 3010 1169">
     <span class='ocr_line' id='line_1_4' title="bbox 1110 695 3008 784; baseline 0.002 -24"><span class='ocrx_word' id='word_1_5' title='bbox 1110 699 1334 760; x_wconf 84' lang='lat' dir='ltr'>minore</span> <span class='ocrx_word' id='word_1_6' title='bbox 1384 695 1652 772; x_wconf 81' lang='lat' dir='ltr'><strong>libidine,</strong></span> <span class='ocrx_word' id='word_1_7' title='bbox 1701 720 1884 781; x_wconf 83' lang='lat' dir='ltr'>quam</span> <span class='ocrx_word' id='word_1_8' title='bbox 1929 700 2156 764; x_wconf 78' lang='lat' dir='ltr'>saevitia</span> <span class='ocrx_word' id='word_1_9' title='bbox 2197 700 2645 781; x_wconf 75' lang='lat' dir='ltr'>grassabantur:</span> <span class='ocrx_word' id='word_1_10' title='bbox 2703 701 3008 784; x_wconf 83' lang='lat' dir='ltr'>multaque</span> 
     </span>
     <span class='ocr_line' id='line_1_5' title="bbox 1108 795 3010 880; baseline 0.002 -25"><span class='ocrx_word' id='word_1_11' title='bbox 1108 804 1390 856; x_wconf 79' lang='lat' dir='ltr'>extremoe</span> <span class='ocrx_word' id='word_1_12' title='bbox 1412 795 1696 858; x_wconf 77' lang='lat' dir='ltr'>foeditatis</span> <span class='ocrx_word' id='word_1_13' title='bbox 1717 797 1994 879; x_wconf 86' lang='lat' dir='ltr'>exempla</span> <span class='ocrx_word' id='word_1_14' title='bbox 2017 799 2080 858; x_wconf 89' lang='lat' dir='ltr'>in</span> <span class='ocrx_word' id='word_1_15' title='bbox 2105 806 2402 858; x_wconf 74' lang='lat' dir='ltr'>matr-onas</span> <span class='ocrx_word' id='word_1_16' title='bbox 2423 797 2603 858; x_wconf 84' lang='lat' dir='ltr'>etiam</span> <span class='ocrx_word' id='word_1_17' title='bbox 2629 797 3010 880; x_wconf 82' lang='lat' dir='ltr'>inspectanti-</span> 
     </span>
     <span class='ocr_line' id='line_1_6' title="bbox 1108 891 3008 956; baseline 0.003 -5"><span class='ocrx_word' id='word_1_18' title='bbox 1108 891 1222 952; x_wconf 88' lang='lat' dir='ltr'>bus</span> <span class='ocrx_word' id='word_1_19' title='bbox 1242 893 1385 954; x_wconf 78' lang='lat' dir='ltr'>viris</span> <span class='ocrx_word' id='word_1_20' title='bbox 1405 902 1544 954; x_wconf 89' lang='lat' dir='ltr'>sunt</span> <span class='ocrx_word' id='word_1_21' title='bbox 1572 892 1760 954; x_wconf 85' lang='lat' dir='ltr'>edita.</span> <span class='ocrx_word' id='word_1_22' title='bbox 1841 891 2178 956; x_wconf 75' lang='lat' dir='ltr'><strong>Concursus</strong></span> <span class='ocrx_word' id='word_1_23' title='bbox 2203 892 2284 954; x_wconf 88' lang='lat' dir='ltr'>ad</span> <span class='ocrx_word' id='word_1_24' title='bbox 2315 892 2424 954; x_wconf 83' lang='lat' dir='ltr'>bos</span> <span class='ocrx_word' id='word_1_25' title='bbox 2449 891 2634 954; x_wconf 83' lang='lat' dir='ltr'>fiebat</span> <span class='ocrx_word' id='word_1_26' title='bbox 2655 895 3008 956; x_wconf 77' lang='lat' dir='ltr'>urbanorum</span> 
     </span>
     <span class='ocr_line' id='line_1_7' title="bbox 1107 989 3006 1072; baseline 0.003 -23"><span class='ocrx_word' id='word_1_27' title='bbox 1107 989 1509 1050; x_wconf 83' lang='lat' dir='ltr'>servitiorum:</span> <span class='ocrx_word' id='word_1_28' title='bbox 1534 1009 1670 1070; x_wconf 80' lang='lat' dir='ltr'>quae</span> <span class='ocrx_word' id='word_1_29' title='bbox 1683 990 1920 1072; x_wconf 79' lang='lat' dir='ltr'>etipsa,</span> <span class='ocrx_word' id='word_1_30' title='bbox 1935 991 2056 1052; x_wconf 84' lang='lat' dir='ltr'>suis</span> <span class='ocrx_word' id='word_1_31' title='bbox 2079 989 2241 1070; x_wconf 88' lang='lat' dir='ltr'>prius</span> <span class='ocrx_word' id='word_1_32' title='bbox 2262 989 2421 1051; x_wconf 85' lang='lat' dir='ltr'>heris</span> <span class='ocrx_word' id='word_1_33' title='bbox 2445 1010 2564 1051; x_wconf 90' lang='lat' dir='ltr'>non</span> <span class='ocrx_word' id='word_1_34' title='bbox 2589 991 2716 1050; x_wconf 85' lang='lat' dir='ltr'>sine</span> <span class='ocrx_word' id='word_1_35' title='bbox 2739 993 3006 1054; x_wconf 83' lang='lat' dir='ltr'>cruciatu</span> 
     </span>
     <span class='ocr_line' id='line_1_8' title="bbox 1108 1084 2802 1169; baseline 0.002 -25"><span class='ocrx_word' id='word_1_36' title='bbox 1108 1084 1449 1158; x_wconf 81' lang='lat' dir='ltr'>interfectis,</span> <span class='ocrx_word' id='word_1_37' title='bbox 1474 1085 1553 1151; x_wconf 77' lang='lat' dir='ltr'>ad</span> <span class='ocrx_word' id='word_1_38' title='bbox 1578 1085 1827 1147; x_wconf 86' lang='lat' dir='ltr'>aliorum</span> <span class='ocrx_word' id='word_1_39' title='bbox 1847 1085 2062 1148; x_wconf 88' lang='lat' dir='ltr'>deinde</span> <span class='ocrx_word' id='word_1_40' title='bbox 2079 1085 2372 1168; x_wconf 84' lang='lat' dir='ltr'>supplicia</span> <span class='ocrx_word' id='word_1_41' title='bbox 2389 1085 2802 1169; x_wconf 74' lang='lat' dir='ltr'><strong>provolabant.</strong></span> 
     </span>
    </p>

    <p class='ocr_par' dir='ltr' id='par_1_4' title="bbox 1094 1181 3096 2980">
     <span class='ocr_line' id='line_1_9' title="bbox 1188 1181 3008 1264; baseline 0.002 -22"><span class='ocrx_word' id='word_1_42' title='bbox 1188 1187 1291 1242; x_wconf 75' lang='lat'>35.</span> <span class='ocrx_word' id='word_1_43' title='bbox 1334 1181 1575 1244; x_wconf 83' lang='lat' dir='ltr'>Interea</span> <span class='ocrx_word' id='word_1_44' title='bbox 1604 1182 1906 1243; x_wconf 87' lang='lat' dir='ltr'>nuntiatur</span> <span class='ocrx_word' id='word_1_45' title='bbox 1941 1181 2140 1255; x_wconf 87' lang='lat' dir='ltr'>Euno,</span> <span class='ocrx_word' id='word_1_46' title='bbox 2169 1182 2598 1264; x_wconf 71' lang='lat' dir='ltr'>Demophilum</span> <span class='ocrx_word' id='word_1_47' title='bbox 2621 1191 2685 1244; x_wconf 94' lang='lat' dir='ltr'>et</span> <span class='ocrx_word' id='word_1_48' title='bbox 2725 1182 3008 1262; x_wconf 81' lang='lat' dir='ltr'>Meg-alli-</span> 
     </span>
     <span class='ocr_line' id='line_1_10' title="bbox 1104 1272 3010 1360; baseline 0.001 -22"><span class='ocrx_word' id='word_1_49' title='bbox 1104 1272 1242 1338; x_wconf 90' lang='lat' dir='ltr'>dem</span> <span class='ocrx_word' id='word_1_50' title='bbox 1266 1279 1325 1338; x_wconf 89' lang='lat' dir='ltr'>in</span> <span class='ocrx_word' id='word_1_51' title='bbox 1354 1279 1708 1339; x_wconf 72' lang='lat' dir='ltr'>suburbanis</span> <span class='ocrx_word' id='word_1_52' title='bbox 1731 1278 1915 1338; x_wconf 87' lang='lat' dir='ltr'>hortis</span> <span class='ocrx_word' id='word_1_53' title='bbox 1947 1298 2140 1357; x_wconf 89' lang='lat' dir='ltr'>agere.</span> <span class='ocrx_word' id='word_1_54' title='bbox 2227 1278 2548 1340; x_wconf 80' lang='lat' dir='ltr'>Mittuntur</span> <span class='ocrx_word' id='word_1_55' title='bbox 2569 1299 2606 1339; x_wconf 89' lang='lat' dir='ltr'>e</span> <span class='ocrx_word' id='word_1_56' title='bbox 2630 1281 2881 1359; x_wconf 79' lang='lat' dir='ltr'>vestigio</span> <span class='ocrx_word' id='word_1_57' title='bbox 2905 1281 3010 1360; x_wconf 86' lang='lat' dir='ltr'>qui</span> 
     </span>
     <span class='ocr_line' id='line_1_11' title="bbox 1105 1373 3010 1456; baseline 0.001 -22"><span class='ocrx_word' id='word_1_58' title='bbox 1105 1373 1335 1436; x_wconf 75' lang='lat' dir='ltr'>vinctos</span> <span class='ocrx_word' id='word_1_59' title='bbox 1356 1373 1680 1436; x_wconf 82' lang='lat' dir='ltr'>adducant.</span> <span class='ocrx_word' id='word_1_60' title='bbox 1761 1373 1870 1436; x_wconf 85' lang='lat' dir='ltr'>Ita</span> <span class='ocrx_word' id='word_1_61' title='bbox 1890 1374 2154 1454; x_wconf 71' lang='lat' dir='ltr'>religatis</span> <span class='ocrx_word' id='word_1_62' title='bbox 2187 1383 2321 1456; x_wconf 79' lang='lat' dir='ltr'>post</span> <span class='ocrx_word' id='word_1_63' title='bbox 2343 1383 2510 1455; x_wconf 78' lang='lat' dir='ltr'>terga</span> <span class='ocrx_word' id='word_1_64' title='bbox 2531 1375 2824 1448; x_wconf 83' lang='lat' dir='ltr'>manibus,</span> <span class='ocrx_word' id='word_1_65' title='bbox 2851 1375 3010 1436; x_wconf 87' lang='lat' dir='ltr'>mul-</span> 
     </span>
     <span class='ocr_line' id='line_1_12' title="bbox 1104 1471 3006 1553; baseline 0.002 -23"><span class='ocrx_word' id='word_1_66' title='bbox 1104 1479 1315 1552; x_wconf 81' lang='lat' dir='ltr'>tasque</span> <span class='ocrx_word' id='word_1_67' title='bbox 1354 1472 1417 1533; x_wconf 89' lang='lat' dir='ltr'>in</span> <span class='ocrx_word' id='word_1_68' title='bbox 1460 1471 1563 1532; x_wconf 84' lang='lat' dir='ltr'>via</span> <span class='ocrx_word' id='word_1_69' title='bbox 1594 1471 1984 1532; x_wconf 75' lang='lat' dir='ltr'>contumelias</span> <span class='ocrx_word' id='word_1_70' title='bbox 2015 1471 2172 1553; x_wconf 83' lang='lat' dir='ltr'>passi</span> <span class='ocrx_word' id='word_1_71' title='bbox 2213 1474 2512 1534; x_wconf 88' lang='lat' dir='ltr'>sistuntur.</span> <span class='ocrx_word' id='word_1_72' title='bbox 2597 1471 2771 1534; x_wconf 79' lang='lat' dir='ltr'>Filioe</span> <span class='ocrx_word' id='word_1_73' title='bbox 2804 1481 3006 1534; x_wconf 86' lang='lat' dir='ltr'>tamen</span> 
     </span>
     <span class='ocr_line' id='line_1_13' title="bbox 1104 1566 3010 1649; baseline 0.001 -20"><span class='ocrx_word' id='word_1_74' title='bbox 1104 1587 1330 1640; x_wconf 84' lang='lat' dir='ltr'>eorum,</span> <span class='ocrx_word' id='word_1_75' title='bbox 1356 1586 1492 1648; x_wconf 80' lang='lat' dir='ltr'>quoe</span> <span class='ocrx_word' id='word_1_76' title='bbox 1515 1566 1712 1628; x_wconf 83' lang='lat' dir='ltr'>adhuc</span> <span class='ocrx_word' id='word_1_77' title='bbox 1737 1567 1798 1628; x_wconf 89' lang='lat' dir='ltr'>in</span> <span class='ocrx_word' id='word_1_78' title='bbox 1823 1567 2074 1649; x_wconf 76' lang='lat' dir='ltr'>puellari</span> <span class='ocrx_word' id='word_1_79' title='bbox 2099 1577 2276 1630; x_wconf 74' lang='lat' dir='ltr'>oetate</span> <span class='ocrx_word' id='word_1_80' title='bbox 2303 1569 2624 1630; x_wconf 80' lang='lat' dir='ltr'>constituta</span> <span class='ocrx_word' id='word_1_81' title='bbox 2649 1578 2798 1641; x_wconf 85' lang='lat' dir='ltr'>erat,</span> <span class='ocrx_word' id='word_1_82' title='bbox 2815 1567 3010 1630; x_wconf 84' lang='lat' dir='ltr'>modis</span> 
     </span>
     <span class='ocr_line' id='line_1_14' title="bbox 1106 1663 3005 1746; baseline 0.001 -22"><span class='ocrx_word' id='word_1_83' title='bbox 1106 1664 1376 1724; x_wconf 86' lang='lat' dir='ltr'>omnibus</span> <span class='ocrx_word' id='word_1_84' title='bbox 1398 1672 1816 1746; x_wconf 80' lang='lat' dir='ltr'>pepercerunt:</span> <span class='ocrx_word' id='word_1_85' title='bbox 1857 1663 2021 1746; x_wconf 88' lang='lat' dir='ltr'>quod</span> <span class='ocrx_word' id='word_1_86' title='bbox 2047 1665 2280 1744; x_wconf 83' lang='lat' dir='ltr'>ingenio</span> <span class='ocrx_word' id='word_1_87' title='bbox 2297 1665 2458 1726; x_wconf 86' lang='lat' dir='ltr'>mitis</span> <span class='ocrx_word' id='word_1_88' title='bbox 2479 1665 2770 1728; x_wconf 81' lang='lat' dir='ltr'>saevitiam</span> <span class='ocrx_word' id='word_1_89' title='bbox 2796 1685 3005 1746; x_wconf 81' lang='lat' dir='ltr'>paren-</span> 
     </span>
     <span class='ocr_line' id='line_1_15' title="bbox 1106 1760 3006 1841; baseline 0.001 -21"><span class='ocrx_word' id='word_1_90' title='bbox 1106 1769 1232 1820; x_wconf 86' lang='lat' dir='ltr'>tum</span> <span class='ocrx_word' id='word_1_91' title='bbox 1254 1779 1378 1841; x_wconf 89' lang='lat' dir='ltr'>qua</span> <span class='ocrx_word' id='word_1_92' title='bbox 1398 1768 1633 1841; x_wconf 85' lang='lat' dir='ltr'>poterat</span> <span class='ocrx_word' id='word_1_93' title='bbox 1651 1760 2020 1822; x_wconf 74' lang='lat' dir='ltr'>humanitate</span> <span class='ocrx_word' id='word_1_94' title='bbox 2041 1761 2420 1834; x_wconf 71' lang='lat' dir='ltr'><strong>emendabat,</strong></span> <span class='ocrx_word' id='word_1_95' title='bbox 2445 1761 2707 1823; x_wconf 82' lang='lat' dir='ltr'>fomenta</span> <span class='ocrx_word' id='word_1_96' title='bbox 2729 1762 3006 1822; x_wconf 79' lang='lat' dir='ltr'>verbera-</span> 
     </span>
     <span class='ocr_line' id='line_1_16' title="bbox 1102 1849 3096 1938; baseline 0.001 -21"><span class='ocrx_word' id='word_1_97' title='bbox 1102 1857 1199 1928; x_wconf 78' lang='lat' dir='ltr'>tis,</span> <span class='ocrx_word' id='word_1_98' title='bbox 1222 1857 1505 1918; x_wconf 85' lang='lat' dir='ltr'>alimenta</span> <span class='ocrx_word' id='word_1_99' title='bbox 1528 1857 1698 1917; x_wconf 80' lang='lat' dir='ltr'>nexis</span> <span class='ocrx_word' id='word_1_100' title='bbox 1732 1855 2120 1936; x_wconf 86' lang='lat' dir='ltr'>dilargiendo.</span> <span class='ocrx_word' id='word_1_101' title='bbox 2190 1857 2433 1925; x_wconf 81' lang='lat' dir='ltr'>Quibus</span> <span class='ocrx_word' id='word_1_102' title='bbox 2471 1858 2644 1918; x_wconf 89' lang='lat' dir='ltr'>rebus</span> <span class='ocrx_word' id='word_1_103' title='bbox 2673 1877 2808 1918; x_wconf 85' lang='lat' dir='ltr'>eam</span> <span class='ocrx_word' id='word_1_104' title='bbox 2845 1856 3008 1938; x_wconf 85' lang='lat' dir='ltr'>apud</span> <span class='ocrx_word' id='word_1_105' title='bbox 3089 1849 3096 1856; x_wconf 67' lang='grc'><strong><em>’</em></strong></span> 
     </span>
     <span class='ocr_line' id='line_1_17' title="bbox 1101 1953 3008 2035; baseline -0.001 -21"><span class='ocrx_word' id='word_1_106' title='bbox 1101 1971 1305 2014; x_wconf 79' lang='lat' dir='ltr'>omnes</span> <span class='ocrx_word' id='word_1_107' title='bbox 1340 1954 1710 2035; x_wconf 81' lang='lat' dir='ltr'>comparavit</span> <span class='ocrx_word' id='word_1_108' title='bbox 1745 1953 2020 2033; x_wconf 85' lang='lat' dir='ltr'>gratiam,</span> <span class='ocrx_word' id='word_1_109' title='bbox 2065 1963 2134 2014; x_wconf 87' lang='lat' dir='ltr'>ut</span> <span class='ocrx_word' id='word_1_110' title='bbox 2175 1954 2325 2014; x_wconf 73' lang='lat' dir='ltr'>inter</span> <span class='ocrx_word' id='word_1_111' title='bbox 2362 1953 2519 2016; x_wconf 84' lang='lat' dir='ltr'>hanc</span> <span class='ocrx_word' id='word_1_112' title='bbox 2562 1954 3008 2016; x_wconf 79' lang='lat' dir='ltr'>conversionem</span> 
     </span>
     <span class='ocr_line' id='line_1_18' title="bbox 1098 2049 3006 2132; baseline 0 -22"><span class='ocrx_word' id='word_1_113' title='bbox 1098 2049 1373 2122; x_wconf 64' lang='lat' dir='ltr'>fortuma,</span> <span class='ocrx_word' id='word_1_114' title='bbox 1414 2050 1475 2110; x_wconf 89' lang='lat' dir='ltr'>in</span> <span class='ocrx_word' id='word_1_115' title='bbox 1512 2059 1684 2112; x_wconf 81' lang='lat' dir='ltr'>tanta</span> <span class='ocrx_word' id='word_1_116' title='bbox 1719 2050 1830 2111; x_wconf 89' lang='lat' dir='ltr'>illa</span> <span class='ocrx_word' id='word_1_117' title='bbox 1861 2051 2166 2112; x_wconf 84' lang='lat' dir='ltr'>hominum</span> <span class='ocrx_word' id='word_1_118' title='bbox 2202 2051 2520 2130; x_wconf 84' lang='lat' dir='ltr'>agrestium</span> <span class='ocrx_word' id='word_1_119' title='bbox 2548 2059 2613 2111; x_wconf 91' lang='lat' dir='ltr'>et</span> <span class='ocrx_word' id='word_1_120' title='bbox 2645 2049 3006 2132; x_wconf 83' lang='lat' dir='ltr'>perditorum</span> 
     </span>
     <span class='ocr_line' id='line_1_19' title="bbox 1098 2145 3007 2228; baseline 0 -22"><span class='ocrx_word' id='word_1_121' title='bbox 1098 2145 1341 2208; x_wconf 88' lang='lat' dir='ltr'>licentia</span> <span class='ocrx_word' id='word_1_122' title='bbox 1377 2145 1555 2206; x_wconf 84' lang='lat' dir='ltr'>fuerit</span> <span class='ocrx_word' id='word_1_123' title='bbox 1584 2167 1783 2219; x_wconf 88' lang='lat' dir='ltr'>nemo,</span> <span class='ocrx_word' id='word_1_124' title='bbox 1807 2147 1912 2228; x_wconf 91' lang='lat' dir='ltr'>qui</span> <span class='ocrx_word' id='word_1_125' title='bbox 1939 2147 2064 2208; x_wconf 91' lang='lat' dir='ltr'>ulla</span> <span class='ocrx_word' id='word_1_126' title='bbox 2085 2165 2221 2208; x_wconf 82' lang='lat' dir='ltr'>eam</span> <span class='ocrx_word' id='word_1_127' title='bbox 2257 2147 2475 2226; x_wconf 82' lang='lat' dir='ltr'>injuria</span> <span class='ocrx_word' id='word_1_128' title='bbox 2495 2147 2595 2208; x_wconf 73' lang='lat' dir='ltr'>vel</span> <span class='ocrx_word' id='word_1_129' title='bbox 2619 2145 2852 2208; x_wconf 81' lang='lat' dir='ltr'>afficere</span> <span class='ocrx_word' id='word_1_130' title='bbox 2875 2145 3007 2207; x_wconf 83' lang='lat' dir='ltr'>vel·</span> 
     </span>
     <span class='ocr_line' id='line_1_20' title="bbox 1098 2239 3006 2325; baseline -0.001 -21"><span class='ocrx_word' id='word_1_131' title='bbox 1098 2241 1205 2314; x_wconf 86' lang='lat' dir='ltr'>let,</span> <span class='ocrx_word' id='word_1_132' title='bbox 1228 2241 1325 2302; x_wconf 78' lang='lat' dir='ltr'>vel</span> <span class='ocrx_word' id='word_1_133' title='bbox 1354 2239 1509 2303; x_wconf 82' lang='lat' dir='ltr'>affici</span> <span class='ocrx_word' id='word_1_134' title='bbox 1542 2248 1860 2324; x_wconf 83' lang='lat' dir='ltr'>pateretur.</span> <span class='ocrx_word' id='word_1_135' title='bbox 1945 2241 2050 2305; x_wconf 88' lang='lat' dir='ltr'>Sic</span> <span class='ocrx_word' id='word_1_136' title='bbox 2075 2243 2224 2304; x_wconf 83' lang='lat' dir='ltr'>inter</span> <span class='ocrx_word' id='word_1_137' title='bbox 2246 2263 2350 2304; x_wconf 89' lang='lat' dir='ltr'>eos</span> <span class='ocrx_word' id='word_1_138' title='bbox 2375 2263 2478 2325; x_wconf 89' lang='lat' dir='ltr'>per</span> <span class='ocrx_word' id='word_1_139' title='bbox 2504 2242 2748 2324; x_wconf 86' lang='lat' dir='ltr'>aliquod</span> <span class='ocrx_word' id='word_1_140' title='bbox 2771 2251 3006 2324; x_wconf 85' lang='lat' dir='ltr'>tempus</span> 
     </span>
     <span class='ocr_line' id='line_1_21' title="bbox 1098 2338 3004 2422; baseline -0.001 -23"><span class='ocrx_word' id='word_1_141' title='bbox 1098 2338 1363 2400; x_wconf 84' lang='lat' dir='ltr'>modeste</span> <span class='ocrx_word' id='word_1_142' title='bbox 1404 2339 1852 2422; x_wconf 79' lang='lat' dir='ltr'>verecundeque</span> <span class='ocrx_word' id='word_1_143' title='bbox 1888 2347 2144 2411; x_wconf 80' lang='lat' dir='ltr'>servata,</span> <span class='ocrx_word' id='word_1_144' title='bbox 2183 2357 2325 2400; x_wconf 86' lang='lat' dir='ltr'>mox</span> <span class='ocrx_word' id='word_1_145' title='bbox 2361 2359 2644 2401; x_wconf 86' lang='lat' dir='ltr'>consensu</span> <span class='ocrx_word' id='word_1_146' title='bbox 2677 2347 3004 2401; x_wconf 85' lang='lat' dir='ltr'>ceterorum</span> 
     </span>
     <span class='ocr_line' id='line_1_22' title="bbox 1097 2434 3004 2518; baseline -0.001 -22"><span class='ocrx_word' id='word_1_147' title='bbox 1097 2437 1177 2496; x_wconf 92' lang='lat' dir='ltr'>ab</span> <span class='ocrx_word' id='word_1_148' title='bbox 1204 2434 1463 2497; x_wconf 87' lang='lat' dir='ltr'>Hermia</span> <span class='ocrx_word' id='word_1_149' title='bbox 1483 2435 1766 2516; x_wconf 86' lang='lat' dir='ltr'>quodam,</span> <span class='ocrx_word' id='word_1_150' title='bbox 1791 2439 1966 2516; x_wconf 85' lang='lat' dir='ltr'>cujus</span> <span class='ocrx_word' id='word_1_151' title='bbox 1995 2437 2060 2498; x_wconf 92' lang='lat' dir='ltr'>in</span> <span class='ocrx_word' id='word_1_152' title='bbox 2093 2455 2169 2496; x_wconf 90' lang='lat' dir='ltr'>ea</span> <span class='ocrx_word' id='word_1_153' title='bbox 2204 2434 2536 2498; x_wconf 79' lang='lat' dir='ltr'>defectione</span> <span class='ocrx_word' id='word_1_154' title='bbox 2559 2436 2836 2518; x_wconf 83' lang='lat' dir='ltr'>primaria</span> <span class='ocrx_word' id='word_1_155' title='bbox 2859 2454 3004 2496; x_wconf 90' lang='lat' dir='ltr'>auc-</span> 
     </span>
     <span class='ocr_line' id='line_1_23' title="bbox 1096 2531 3003 2615; baseline -0.001 -22"><span class='ocrx_word' id='word_1_156' title='bbox 1096 2531 1303 2593; x_wconf 82' lang='lat' dir='ltr'>toritas</span> <span class='ocrx_word' id='word_1_157' title='bbox 1334 2543 1483 2606; x_wconf 86' lang='lat' dir='ltr'>erat,</span> <span class='ocrx_word' id='word_1_158' title='bbox 1508 2534 1569 2594; x_wconf 88' lang='lat' dir='ltr'>in</span> <span class='ocrx_word' id='word_1_159' title='bbox 1611 2534 1818 2594; x_wconf 87' lang='lat' dir='ltr'>urbem</span> <span class='ocrx_word' id='word_1_160' title='bbox 1843 2533 2273 2606; x_wconf 76' lang='lat' dir='ltr'>Catinensium,</span> <span class='ocrx_word' id='word_1_161' title='bbox 2299 2533 2404 2594; x_wconf 89' lang='lat' dir='ltr'>ubi</span> <span class='ocrx_word' id='word_1_162' title='bbox 2435 2533 2794 2615; x_wconf 86' lang='lat' dir='ltr'>propinquos</span> <span class='ocrx_word' id='word_1_163' title='bbox 2815 2532 3003 2592; x_wconf 86' lang='lat' dir='ltr'>habe·</span> 
     </span>
     <span class='ocr_line' id='line_1_24' title="bbox 1096 2627 3005 2714; baseline -0.001 -26"><span class='ocrx_word' id='word_1_164' title='bbox 1096 2629 1225 2700; x_wconf 87' lang='lat' dir='ltr'>bat,</span> <span class='ocrx_word' id='word_1_165' title='bbox 1264 2628 1525 2691; x_wconf 85' lang='lat' dir='ltr'>deducta</span> <span class='ocrx_word' id='word_1_166' title='bbox 1560 2638 1673 2690; x_wconf 80' lang='lat' dir='ltr'>est.</span> <span class='ocrx_word' id='word_1_167' title='bbox 1757 2629 2090 2714; x_wconf 82' lang='lat' dir='ltr'>Laudabile</span> <span class='ocrx_word' id='word_1_168' title='bbox 2122 2630 2237 2690; x_wconf 88' lang='lat' dir='ltr'>boc</span> <span class='ocrx_word' id='word_1_169' title='bbox 2281 2627 2528 2701; x_wconf 82' lang='lat' dir='ltr'>factum,</span> <span class='ocrx_word' id='word_1_170' title='bbox 2561 2629 2880 2708; x_wconf 79' lang='lat' dir='ltr'>magnique</span> <span class='ocrx_word' id='word_1_171' title='bbox 2921 2627 3005 2688; x_wconf 84' lang='lat' dir='ltr'>ad</span> 
     </span>
     <span class='ocr_line' id='line_1_25' title="bbox 1094 2722 3075 2804; baseline -0.001 -18"><span class='ocrx_word' id='word_1_172' title='bbox 1094 2743 1337 2794; x_wconf 78' lang='lat' dir='ltr'>causam</span> <span class='ocrx_word' id='word_1_173' title='bbox 1360 2724 1742 2804; x_wconf 81' lang='lat' dir='ltr'>fugitivorum</span> <span class='ocrx_word' id='word_1_174' title='bbox 1765 2727 2044 2788; x_wconf 86' lang='lat' dir='ltr'>momenti</span> <span class='ocrx_word' id='word_1_175' title='bbox 2072 2725 2189 2786; x_wconf 85' lang='lat' dir='ltr'>fuit</span> <span class='ocrx_word' id='word_1_176' title='bbox 2211 2746 2229 2795; x_wconf 71' lang='grc' dir='ltr'>ς</span> <span class='ocrx_word' id='word_1_177' title='bbox 2272 2745 2410 2787; x_wconf 87' lang='lat' dir='ltr'>cum</span> <span class='ocrx_word' id='word_1_178' title='bbox 2437 2724 2744 2787; x_wconf 81' lang='lat' dir='ltr'>ostendere</span> <span class='ocrx_word' id='word_1_179' title='bbox 2769 2722 3001 2785; x_wconf 82' lang='lat' dir='ltr'>videre·</span> <span class='ocrx_word' id='word_1_180' title='bbox 3040 2757 3075 2776; x_wconf 86' lang='lat'>-·</span> 
     </span>
     <span class='ocr_line' id='line_1_26' title="bbox 1095 2819 3002 2904; baseline 0 -22"><span class='ocrx_word' id='word_1_181' title='bbox 1095 2829 1211 2893; x_wconf 84' lang='lat' dir='ltr'>tur,</span> <span class='ocrx_word' id='word_1_182' title='bbox 1237 2841 1340 2882; x_wconf 83' lang='lat' dir='ltr'>eos</span> <span class='ocrx_word' id='word_1_183' title='bbox 1363 2841 1477 2883; x_wconf 87' lang='lat' dir='ltr'>non</span> <span class='ocrx_word' id='word_1_184' title='bbox 1505 2831 1630 2882; x_wconf 82' lang='lat' dir='ltr'>tam</span> <span class='ocrx_word' id='word_1_185' title='bbox 1661 2823 1838 2884; x_wconf 86' lang='lat' dir='ltr'>insita</span> <span class='ocrx_word' id='word_1_186' title='bbox 1869 2821 2246 2894; x_wconf 84' lang='lat' dir='ltr'>crudelitate,</span> <span class='ocrx_word' id='word_1_187' title='bbox 2271 2841 2452 2904; x_wconf 85' lang='lat' dir='ltr'>quam</span> <span class='ocrx_word' id='word_1_188' title='bbox 2475 2820 2756 2883; x_wconf 80' lang='lat' dir='ltr'>vindictae</span> <span class='ocrx_word' id='word_1_189' title='bbox 2779 2819 3002 2891; x_wconf 72' lang='lat' dir='ltr'>studio,</span> 
     </span>
     <span class='ocr_line' id='line_1_27' title="bbox 1095 2918 2030 2980; baseline 0 0"><span class='ocrx_word' id='word_1_190' title='bbox 1095 2919 1364 2980; x_wconf 79' lang='lat' dir='ltr'>acerbius</span> <span class='ocrx_word' id='word_1_191' title='bbox 1387 2919 1449 2979; x_wconf 89' lang='lat' dir='ltr'>in</span> <span class='ocrx_word' id='word_1_192' title='bbox 1475 2918 1628 2980; x_wconf 83' lang='lat' dir='ltr'>alios</span> <span class='ocrx_word' id='word_1_193' title='bbox 1649 2919 2030 2980; x_wconf 80' lang='lat' dir='ltr'>consuluisse.</span> 
     </span>
    </p>

    <p class='ocr_par' dir='ltr' id='par_1_5' title="bbox 1090 3013 3002 3846">
     <span class='ocr_line' id='line_1_28' title="bbox 1173 3013 3002 3098; baseline -0.001 -23"><span class='ocrx_word' id='word_1_194' title='bbox 1173 3021 1275 3076; x_wconf 74' lang='lat'>³6.</span> <span class='ocrx_word' id='word_1_195' title='bbox 1317 3015 1559 3098; x_wconf 81' lang='lat' dir='ltr'>Quippe</span> <span class='ocrx_word' id='word_1_196' title='bbox 1604 3015 2033 3098; x_wconf 83' lang='lat' dir='ltr'>Damophilum</span> <span class='ocrx_word' id='word_1_197' title='bbox 2071 3025 2136 3076; x_wconf 88' lang='lat' dir='ltr'>et</span> <span class='ocrx_word' id='word_1_198' title='bbox 2175 3013 2568 3094; x_wconf 77' lang='lat' dir='ltr'>Meg-allidem</span> <span class='ocrx_word' id='word_1_199' title='bbox 2603 3014 2666 3074; x_wconf 89' lang='lat' dir='ltr'>in</span> <span class='ocrx_word' id='word_1_200' title='bbox 2703 3013 3002 3084; x_wconf 79' lang='lat' dir='ltr'>tbcatmm</span> 
     </span>
     <span class='ocr_line' id='line_1_29' title="bbox 1092 3109 3002 3192; baseline -0.002 -20"><span class='ocrx_word' id='word_1_201' title='bbox 1092 3111 1430 3192; x_wconf 83' lang='lat' dir='ltr'>productos,</span> <span class='ocrx_word' id='word_1_202' title='bbox 1468 3111 1900 3175; x_wconf 86' lang='lat' dir='ltr'>confluentibus</span> <span class='ocrx_word' id='word_1_203' title='bbox 1937 3111 2149 3176; x_wconf 86' lang='lat' dir='ltr'>eodem</span> <span class='ocrx_word' id='word_1_204' title='bbox 2188 3112 2472 3191; x_wconf 82' lang='lat' dir='ltr'>fugitivis,</span> <span class='ocrx_word' id='word_1_205' title='bbox 2513 3119 2796 3190; x_wconf 78' lang='lat' dir='ltr'>tanquam</span> <span class='ocrx_word' id='word_1_206' title='bbox 2837 3109 3002 3191; x_wconf 85' lang='lat' dir='ltr'>apud</span> 
     </span>
     <span class='ocr_line' id='line_1_30' title="bbox 1092 3207 3000 3289; baseline -0.001 -22"><span class='ocrx_word' id='word_1_207' title='bbox 1092 3207 1376 3287; x_wconf 87' lang='lat' dir='ltr'>populum</span> <span class='ocrx_word' id='word_1_208' title='bbox 1410 3219 1802 3270; x_wconf 85' lang='lat' dir='ltr'>accusarunt:</span> <span class='ocrx_word' id='word_1_209' title='bbox 1855 3209 2140 3289; x_wconf 90' lang='lat' dir='ltr'>illumque</span> <span class='ocrx_word' id='word_1_210' title='bbox 2175 3207 2574 3269; x_wconf 85' lang='lat' dir='ltr'>defensionem</span> <span class='ocrx_word' id='word_1_211' title='bbox 2609 3225 2826 3278; x_wconf 83' lang='lat' dir='ltr'>orsum,</span> <span class='ocrx_word' id='word_1_212' title='bbox 2859 3225 3000 3266; x_wconf 88' lang='lat' dir='ltr'>cum</span> 
     </span>
     <span class='ocr_line' id='line_1_31' title="bbox 1092 3301 3000 3375; baseline -0.001 -12"><span class='ocrx_word' id='word_1_213' title='bbox 1092 3303 1265 3364; x_wconf 87' lang='lat' dir='ltr'>multi</span> <span class='ocrx_word' id='word_1_214' title='bbox 1298 3303 1395 3365; x_wconf 81' lang='lat' dir='ltr'>vel</span> <span class='ocrx_word' id='word_1_215' title='bbox 1434 3305 1840 3368; x_wconf 83' lang='lat' dir='ltr'>misericordia</span> <span class='ocrx_word' id='word_1_216' title='bbox 1867 3305 2064 3366; x_wconf 82' lang='lat' dir='ltr'>subito</span> <span class='ocrx_word' id='word_1_217' title='bbox 2099 3314 2344 3367; x_wconf 74' lang='lat' dir='ltr'>mutatae</span> <span class='ocrx_word' id='word_1_218' title='bbox 2377 3303 2570 3375; x_wconf 84' lang='lat' dir='ltr'>sortis,</span> <span class='ocrx_word' id='word_1_219' title='bbox 2596 3301 2696 3364; x_wconf 83' lang='lat' dir='ltr'>vel</span> <span class='ocrx_word' id='word_1_220' title='bbox 2728 3301 3000 3362; x_wconf 85' lang='lat' dir='ltr'>oratione</span> 
     </span>
     <span class='ocr_line' id='line_1_32' title="bbox 1090 3399 2996 3486; baseline 0.001 -27"><span class='ocrx_word' id='word_1_221' title='bbox 1090 3399 1179 3459; x_wconf 87' lang='lat' dir='ltr'>rei</span> <span class='ocrx_word' id='word_1_222' title='bbox 1222 3399 1615 3486; x_wconf 70' lang='lat' dir='ltr'>flecterentur,</span> <span class='ocrx_word' id='word_1_223' title='bbox 1655 3401 1942 3464; x_wconf 85' lang='lat' dir='ltr'>Hermias</span> <span class='ocrx_word' id='word_1_224' title='bbox 1986 3411 2050 3463; x_wconf 88' lang='lat' dir='ltr'>et</span> <span class='ocrx_word' id='word_1_225' title='bbox 2091 3401 2338 3473; x_wconf 83' lang='lat' dir='ltr'>Zeuxis,</span> <span class='ocrx_word' id='word_1_226' title='bbox 2377 3401 2482 3482; x_wconf 89' lang='lat' dir='ltr'>qui</span> <span class='ocrx_word' id='word_1_227' title='bbox 2527 3419 2664 3462; x_wconf 88' lang='lat' dir='ltr'>eum</span> <span class='ocrx_word' id='word_1_228' title='bbox 2707 3399 2996 3460; x_wconf 87' lang='lat' dir='ltr'>acerrime</span> 
     </span>
     <span class='ocr_line' id='line_1_33' title="bbox 1090 3495 2992 3582; baseline -0.001 -27"><span class='ocrx_word' id='word_1_229' title='bbox 1090 3495 1362 3568; x_wconf 90' lang='lat' dir='ltr'>oderant,</span> <span class='ocrx_word' id='word_1_230' title='bbox 1388 3506 1777 3560; x_wconf 81' lang='lat' dir='ltr'>veteratorem</span> <span class='ocrx_word' id='word_1_231' title='bbox 1801 3498 2190 3582; x_wconf 83' lang='lat' dir='ltr'>appellantes,</span> <span class='ocrx_word' id='word_1_232' title='bbox 2217 3517 2336 3558; x_wconf 89' lang='lat' dir='ltr'>non</span> <span class='ocrx_word' id='word_1_233' title='bbox 2373 3504 2692 3578; x_wconf 77' lang='lat' dir='ltr'>expectato</span> <span class='ocrx_word' id='word_1_234' title='bbox 2725 3495 2992 3554; x_wconf 83' lang='lat' dir='ltr'>multitu-</span> 
     </span>
     <span class='ocr_line' id='line_1_34' title="bbox 1090 3590 2996 3672; baseline -0.001 -20"><span class='ocrx_word' id='word_1_235' title='bbox 1090 3591 1248 3652; x_wconf 88' lang='lat' dir='ltr'>dinis</span> <span class='ocrx_word' id='word_1_236' title='bbox 1258 3593 1517 3671; x_wconf 86' lang='lat' dir='ltr'>judicio,</span> <span class='ocrx_word' id='word_1_237' title='bbox 1543 3594 1776 3656; x_wconf 87' lang='lat' dir='ltr'>duobus</span> <span class='ocrx_word' id='word_1_238' title='bbox 1799 3595 2140 3658; x_wconf 77' lang='lat' dir='ltr'>vulneribus</span> <span class='ocrx_word' id='word_1_239' title='bbox 2161 3594 2563 3656; x_wconf 81' lang='lat' dir='ltr'>confecerunt.</span> <span class='ocrx_word' id='word_1_240' title='bbox 2644 3590 2856 3672; x_wconf 81' lang='lat' dir='ltr'>Atque</span> <span class='ocrx_word' id='word_1_241' title='bbox 2891 3590 2996 3651; x_wconf 86' lang='lat' dir='ltr'>ille</span> 
     </span>
     <span class='ocr_line' id='line_1_35' title="bbox 1090 3688 2998 3770; baseline -0.001 -22"><span class='ocrx_word' id='word_1_242' title='bbox 1090 3688 1333 3768; x_wconf 90' lang='lat' dir='ltr'>quidem</span> <span class='ocrx_word' id='word_1_243' title='bbox 1358 3689 1558 3768; x_wconf 86' lang='lat' dir='ltr'>gladio</span> <span class='ocrx_word' id='word_1_244' title='bbox 1583 3690 1772 3753; x_wconf 78' lang='lat' dir='ltr'>latera</span> <span class='ocrx_word' id='word_1_245' title='bbox 1801 3701 2153 3764; x_wconf 81' lang='lat' dir='ltr'>transactus,</span> <span class='ocrx_word' id='word_1_246' title='bbox 2183 3690 2374 3752; x_wconf 87' lang='lat' dir='ltr'>securi</span> <span class='ocrx_word' id='word_1_247' title='bbox 2407 3689 2469 3750; x_wconf 87' lang='lat' dir='ltr'>in</span> <span class='ocrx_word' id='word_1_248' title='bbox 2503 3688 2660 3750; x_wconf 89' lang='lat' dir='ltr'>collo</span> <span class='ocrx_word' id='word_1_249' title='bbox 2693 3707 2998 3770; x_wconf 80' lang='lat' dir='ltr'>percussus</span> 
     </span>
     <span class='ocr_line' id='line_1_36' title="bbox 1092 3785 1331 3846; baseline 0.004 -1"><span class='ocrx_word' id='word_1_250' title='bbox 1092 3785 1331 3846; x_wconf 80' lang='lat' dir='ltr'>cecidit.</span> 
     </span>
    </p>

    <p class='ocr_par' dir='ltr' id='par_1_6' title="bbox 1090 3879 2998 4348">
     <span class='ocr_line' id='line_1_37' title="bbox 1174 3879 2995 3964; baseline -0.001 -23"><span class='ocrx_word' id='word_1_251' title='bbox 1174 3887 1275 3945; x_wconf 71' lang='lat'>87.</span> <span class='ocrx_word' id='word_1_252' title='bbox 1320 3881 1416 3942; x_wconf 89' lang='lat' dir='ltr'>At</span> <span class='ocrx_word' id='word_1_253' title='bbox 1436 3881 1672 3962; x_wconf 76' lang='lat' dir='ltr'>fugitivi</span> <span class='ocrx_word' id='word_1_254' title='bbox 1697 3882 1964 3964; x_wconf 89' lang='lat' dir='ltr'>protinus</span> <span class='ocrx_word' id='word_1_255' title='bbox 1989 3882 2229 3943; x_wconf 86' lang='lat' dir='ltr'>Eunum</span> <span class='ocrx_word' id='word_1_256' title='bbox 2253 3901 2450 3961; x_wconf 86' lang='lat' dir='ltr'>regem</span> <span class='ocrx_word' id='word_1_257' title='bbox 2467 3879 2858 3962; x_wconf 87' lang='lat' dir='ltr'>proclamant,</span> <span class='ocrx_word' id='word_1_258' title='bbox 2876 3898 2995 3940; x_wconf 89' lang='lat' dir='ltr'>non</span> 
     </span>
     <span class='ocr_line' id='line_1_38' title="bbox 1092 3976 2998 4059; baseline -0.002 -20"><span class='ocrx_word' id='word_1_259' title='bbox 1092 3979 1263 4058; x_wconf 83' lang='lat' dir='ltr'>quasi</span> <span class='ocrx_word' id='word_1_260' title='bbox 1286 3979 1541 4042; x_wconf 87' lang='lat' dir='ltr'>audacia</span> <span class='ocrx_word' id='word_1_261' title='bbox 1563 3989 1671 4041; x_wconf 91' lang='lat' dir='ltr'>aut</span> <span class='ocrx_word' id='word_1_262' title='bbox 1695 3979 2084 4059; x_wconf 79' lang='lat' dir='ltr'>imperatoriis</span> <span class='ocrx_word' id='word_1_263' title='bbox 2117 3979 2344 4040; x_wconf 83' lang='lat' dir='ltr'>artibus</span> <span class='ocrx_word' id='word_1_264' title='bbox 2367 3985 2694 4058; x_wconf 72' lang='lat' dir='ltr'>praestamt,</span> <span class='ocrx_word' id='word_1_265' title='bbox 2717 3976 2826 4038; x_wconf 84' lang='lat' dir='ltr'>sed</span> <span class='ocrx_word' id='word_1_266' title='bbox 2851 3977 2998 4057; x_wconf 88' lang='lat' dir='ltr'>quia</span> 
     </span>
     <span class='ocr_line' id='line_1_39' title="bbox 1094 4073 2992 4157; baseline -0.001 -23"><span class='ocrx_word' id='word_1_267' title='bbox 1094 4075 1401 4156; x_wconf 81' lang='lat' dir='ltr'>proestigiis</span> <span class='ocrx_word' id='word_1_268' title='bbox 1422 4084 1663 4157; x_wconf 77' lang='lat' dir='ltr'>ceperat</span> <span class='ocrx_word' id='word_1_269' title='bbox 1677 4076 1924 4146; x_wconf 85' lang='lat' dir='ltr'>animos,</span> <span class='ocrx_word' id='word_1_270' title='bbox 1943 4084 2266 4154; x_wconf 88' lang='lat' dir='ltr'>auctorque</span> <span class='ocrx_word' id='word_1_271' title='bbox 2283 4073 2630 4136; x_wconf 82' lang='lat' dir='ltr'>defectionis</span> <span class='ocrx_word' id='word_1_272' title='bbox 2647 4073 2843 4134; x_wconf 76' lang='lat' dir='ltr'>fuerat</span> <span class='ocrx_word' id='word_1_273' title='bbox 2862 4092 2878 4133; x_wconf 75' lang='grc' dir='ltr'><strong>ε</strong></span> <span class='ocrx_word' id='word_1_274' title='bbox 2908 4082 2992 4144; x_wconf 89' lang='lat' dir='ltr'>et,</span> 
     </span>
     <span class='ocr_line' id='line_1_40' title="bbox 1090 4168 2990 4252; baseline 0 -24"><span class='ocrx_word' id='word_1_275' title='bbox 1090 4171 1244 4230; x_wconf 86' lang='lat' dir='ltr'>sicut</span> <span class='ocrx_word' id='word_1_276' title='bbox 1267 4170 1427 4232; x_wconf 82' lang='lat' dir='ltr'>leves</span> <span class='ocrx_word' id='word_1_277' title='bbox 1444 4173 1624 4232; x_wconf 89' lang='lat' dir='ltr'>animi</span> <span class='ocrx_word' id='word_1_278' title='bbox 1639 4171 2015 4252; x_wconf 80' lang='lat' dir='ltr'>quantumvis</span> <span class='ocrx_word' id='word_1_279' title='bbox 2027 4171 2227 4252; x_wconf 86' lang='lat' dir='ltr'>parvis</span> <span class='ocrx_word' id='word_1_280' title='bbox 2241 4170 2573 4252; x_wconf 89' lang='lat' dir='ltr'>capiuntur,</span> <span class='ocrx_word' id='word_1_281' title='bbox 2601 4169 2791 4251; x_wconf 85' lang='lat' dir='ltr'>ipsum</span> <span class='ocrx_word' id='word_1_282' title='bbox 2809 4168 2990 4229; x_wconf 88' lang='lat' dir='ltr'>etiam</span> 
     </span>
     <span class='ocr_line' id='line_1_41' title="bbox 1094 4265 2990 4348; baseline -0.003 -16"><span class='ocrx_word' id='word_1_283' title='bbox 1094 4285 1305 4332; x_wconf 77' lang='lat' dir='ltr'>nomen</span> <span class='ocrx_word' id='word_1_284' title='bbox 1332 4267 1585 4329; x_wconf 86' lang='lat' dir='ltr'>bominis</span> <span class='ocrx_word' id='word_1_285' title='bbox 1598 4281 1627 4318; x_wconf 69' lang='grc' dir='ltr'><strong><em>ε</em></strong></span> <span class='ocrx_word' id='word_1_286' title='bbox 1666 4265 1914 4348; x_wconf 83' lang='lat' dir='ltr'>placuit,</span> <span class='ocrx_word' id='word_1_287' title='bbox 1947 4267 2258 4328; x_wconf 85' lang='lat' dir='ltr'>clementis</span> <span class='ocrx_word' id='word_1_288' title='bbox 2279 4275 2344 4328; x_wconf 85' lang='lat' dir='ltr'>et</span> <span class='ocrx_word' id='word_1_289' title='bbox 2365 4265 2637 4327; x_wconf 76' lang='lat' dir='ltr'>benevoli</span> <span class='ocrx_word' id='word_1_290' title='bbox 2661 4266 2814 4345; x_wconf 86' lang='lat' dir='ltr'>regis</span> <span class='ocrx_word' id='word_1_291' title='bbox 2837 4285 2990 4348; x_wconf 75' lang='lat' dir='ltr'>prae-</span> 
     </span>
    </p>
   </div>
   <div class='ocr_carea' id='block_1_4' title="bbox 1153 4425 2891 4495">
    <p class='ocr_par' dir='ltr' id='par_1_7' title="bbox 1153 4425 2891 4495">
     <span class='ocr_line' id='line_1_42' title="bbox 1153 4425 2891 4495; baseline 0 -19"><span class='ocrx_word' id='word_1_292' title='bbox 1153 4434 1184 4471; x_wconf 63' lang='grc' dir='ltr'>ί</span> <span class='ocrx_word' id='word_1_293' title='bbox 1218 4427 1382 4492; x_wconf 66' lang='lat' dir='ltr'>Ipsum</span> <span class='ocrx_word' id='word_1_294' title='bbox 1415 4428 1561 4479; x_wconf 63' lang='lat' dir='ltr'>aiam</span> <span class='ocrx_word' id='word_1_295' title='bbox 1580 4441 1747 4479; x_wconf 70' lang='lat' dir='ltr'>nom</span> <span class='ocrx_word' id='word_1_296' title='bbox 1774 4427 2003 4495; x_wconf 66' lang='lat' dir='ltr'>hominis]</span> <span class='ocrx_word' id='word_1_297' title='bbox 2038 4425 2422 4490; x_wconf 62' lang='lat' dir='ltr'>1:65onOEoeoe</span> <span class='ocrx_word' id='word_1_298' title='bbox 2443 4427 2702 4479; x_wconf 61' lang='lat' dir='ltr'>unwan.</span> <span class='ocrx_word' id='word_1_299' title='bbox 2737 4425 2891 4478; x_wconf 62' lang='lat' dir='ltr'>Cres.</span> 
     </span>
    </p>
   </div>
  </div>
 </body>
</html>
