3225 5242
348 1090 2251 1215 SUPPL-EMENTUM.

1019 1366 1296 1435 LIBRI
1360 1366 1570 1433 LXI.-

853 1583 1735 1663 HISTORIARUM

533 1816 656 1909 T.
745 1787 1135 1910 LIVII
1245 1814 2018 1908 PATAVINI.

175 2400 227 2454 1.
265 2372 468 2466 CUM
499 2393 746 2457 Italiam
767 2394 844 2456 C.
867 2393 1136 2456 Fannius
1164 2392 1372 2456 consul
1408 2394 1773 2478 provinciam
1806 2392 2069 2465 haberet,

167 2492 402 2575 collega
425 2495 556 2575 ejus
583 2494 700 2555 Cn.
731 2492 1037 2555 Domitius
1069 2494 1134 2555 in
1178 2492 1452 2557 Galliam
1483 2492 1726 2573 (Gallia
1748 2492 1905 2555 enim
1930 2494 2071 2555 huic

167 2596 474 2673 evenerat)
523 2592 822 2675 profectus
871 2600 980 2655 est.
1066 2590 1280 2673 Magni
1321 2594 1454 2674 jam
1499 2601 1629 2653 tum
1674 2590 1735 2652 in
1770 2610 1847 2651 ea
1878 2598 2073 2651 motus

167 2697 352 2763 erant,
381 2699 446 2752 et
469 2692 724 2771 majores
746 2689 1013 2771 quotidie
1043 2676 1453 2772 sperabantur.
1536 2688 1937 2751 Salluviorum
1962 2708 2069 2770 po-
2093 2690 2223 2743 Flor.
2240 2708 2327 2747 m.
2344 2698 2395 2747 8·

166 2796 292 2847 tens
314 2798 383 2849 et
405 2788 698 2851 bellicosa
720 2791 906 2861 natio,
934 2798 1168 2850 tentata
1201 2790 1392 2869 magis
1430 2810 1470 2851 a
1494 2789 1589 2879 Μ.
1619 2788 1862 2860 Fulvio,
1888 2806 2071 2869 quam
2090 2756 2312 2873 1,ΐῶ

167 2884 344 2957 victa,
366 2888 490 2947 suis
509 2896 572 2948 et
593 2888 934 2949 accolarum
959 2888 1150 2969 copiis
1173 2888 1500 2949 exercitum
1527 2886 1691 2947 haud
1717 2906 1870 2965 aegre
1898 2904 2070 2967 repa·
2094 2902 2185 2942 xv.
2204 2892 2289 2940 2⁹.

166 2994 416 3046 tavei-at.
497 2983 650 3047 Non
699 2986 882 3066 igitur
931 2984 1124 3047 levius
1163 2984 1239 3046 C.
1288 2984 1524 3058 Sextio,
1566 2985 1672 3067 qui
1717 2978 2067 3065 proconsule

165 3082 532 3160 provinciam
584 3092 920 3165 acceperat,
975 3103 1176 3165 quam.
1211 3082 1495 3159 adversus
1540 3084 1801 3162 integros
1842 3080 2067 3142 bellum

163 3177 289 3240 fuit.
397 3180 635 3241 Praeter
677 3182 1110 3244 immanitatem
1149 3182 1435 3261 gentium,
1483 3180 1745 3242 locorum
1788 3179 2069 3241 obstabat

163 3278 470 3357 asperitas,
497 3298 686 3360 eoque
711 3278 940 3353 multis,
967 3280 1072 3340 sed
1098 3278 1336 3341 minutis
1375 3278 1597 3362 pmliis
1638 3276 1818 3361 pulsi,
1860 3294 1938 3337 ex
1976 3277 2067 3338 fa-

163 3372 262 3433 cili
301 3375 714 3437 instaurabant
746 3374 998 3450 bellum,
1035 3376 1230 3439 donec
1255 3378 1475 3439 virtute
1502 3375 1679 3439 simul
1706 3384 1769 3437 et
1796 3375 2067 3436 humani-

159 3478 280 3533 tate
305 3470 478 3535 ducis
501 3472 769 3536 Romani
801 3475 1076 3555 mitigata
1113 3475 1382 3537 nonnihil
1409 3474 1723 3557 agrestium
1763 3474 2069 3535 hominum

159 3567 362 3632 feritas
393 3573 592 3635 cessit.

235 3672 298 3729 2.
341 3666 538 3731 Locus
570 3679 700 3732 erat
731 3670 950 3733 calidis
983 3680 1048 3733 et
1080 3670 1312 3751 frigidis
1348 3670 1612 3733 fontibus
1650 3670 1923 3751 irriguus,
1960 3668 2065 3731 ubi
2090 3670 2198 3723 Li'·
2220 3669 2354 3737 Epic.

157 3762 378 3826 eoum
417 3767 570 3848 pede
607 3766 980 3842 dimicatum,
1017 3778 1080 3831 et
1105 3770 1298 3849 major
1333 3788 1516 3850 quam
1551 3776 1731 3829 annea
1760 3766 2057 3830 Salluvio-
2088 3736 2279 3853 Vsslssdfi·
2304 3741 2388 3869 ξιξ

157 3878 286 3921 rum
319 3872 544 3943 strages
581 3864 714 3927 fuit.
795 3864 966 3927 ‘Usus
1002 3865 1242 3927 fortuna
1270 3865 1606 3937 Romanus,
1652 3862 1729 3924 ad
1770 3860 2060 3946 oppidum
2079 3868 2249 3921 Vales-

157 3954 409 4021 hostium
455 3958 654 4034 duxit,
695 3961 858 4043 quod
901 3962 1182 4043 frequens
1229 3961 1768 4046 propugnatoribus
1816 3980 1955 4021 cum
1998 3960 2061 4022 in

154 4064 510 4134 potestatem
541 4058 850 4121 redactum
883 4068 1062 4135 esset,
1087 4067 1153 4121 et
1185 4060 1412 4143 captivi
1443 4061 1554 4120 sub
1589 4077 1811 4120 corona
1840 4056 2061 4119 vende·-

159 4162 379 4225 rentnn
407 4176 558 4217 unus
579 4176 806 4230 eorum,
831 4156 1092 4219 Crantor
1109 4160 1368 4229 nomine,
1395 4154 1805 4239 proconsulem
1824 4155 2061 4229 edocet,

153 4256 178 4284 ‘
205 4270 436 4333 semper
458 4272 520 4313 se
545 4254 802 4335 partium
828 4253 1240 4317 Romanarum
1265 4254 1467 4328 fuisse,
1487 4274 1679 4335 eaque
1698 4272 1883 4315 causa
1907 4252 2061 4313 mul-

155 4354 250 4413 tas
281 4368 320 4408 a
352 4348 584 4409 civibus
608 4350 728 4411 suis
751 4350 1166 4427 contumelias,
1193 4361 1259 4413 et
1280 4350 1640 4413 detrimenta
1669 4370 1889 4429 magna
1922 4368 2059 4431 pas-

153 4462 284 4503 sum
298 4465 313 4504 2
326 4443 342 4473 ’
379 4455 446 4507 et
468 4446 786 4510 constabat
813 4467 1016 4511 veram
1052 4449 1473 4529 allegationem
1502 4468 1650 4511 esse.
1730 4446 1885 4509 Tum
1922 4466 2057 4527 pre»
