3225 5242
903 456 1114 507 arsur
1167 455 1362 508 axx.
1405 453 2069 511 SUPPLBMBNTUM.
2244 466 2253 475 ·
2428 442 2607 511 4415

359 598 610 681 soloque
636 606 878 681 aquata
894 598 1318 671 vindicauent,
1337 598 1786 681 superveniente
1809 599 1933 661 Pio
1960 600 2284 664 amiserunt

361 698 732 759 exercitum:
791 696 1062 779 alterque
1113 694 1364 757 fratrum
1413 694 1780 769 Antiochus,
1831 696 1974 757 dum
2023 698 2085 758 in
2136 697 2283 779 fuga

364 794 656 855 Orontem
675 814 858 876 eques
879 794 1278 855 transmittere
1302 803 1576 867 conatur,
1601 794 1927 857 vorticibus
1952 795 2143 857 amnis
2162 816 2281 857 una

361 913 503 954 cum
525 913 684 973 equo
717 900 923 974 raptus
947 901 1057 953 est.

441 996 546 1051 63.
591 989 736 1051 Nec
773 1010 846 1051 eo
885 990 1122 1070 segnius
1148 989 1380 1052 bellum
1421 989 1749 1073 Philippus
1788 993 2276 1072 prosequebatur,
2333 1001 2383 1050 N
2388 1019 2531 1055 umm.

363 1086 760 1168 Philadelphi
809 1096 1006 1149 sumto
1053 1089 1427 1168 cognomine,
1479 1089 1560 1150 ob
1613 1089 1858 1169 gemini,
1906 1099 1972 1149 ut
2019 1089 2277 1161 videtur,
2301 1069 2587 1184 ffiffssn

361 1184 562 1246 fratris
595 1184 974 1246 desiderium.
1057 1185 1230 1247 Huic
1256 1194 1379 1247 tam
1407 1187 1700 1269 praecipiti
1725 1186 2037 1248 mutationi
2062 1207 2277 1258 rerum,
2306 1201 2453 1249 1228.

361 1290 738 1362 quatuorque
772 1302 976 1362 regum
1011 1283 1318 1353 mortibus,
1359 1284 1677 1343 triennium
1704 1282 1829 1344 fere
1853 1282 2127 1344 suffecit:
2172 1304 2279 1343 an-
2305 1294 2483 1361 Porph.

359 1395 588 1460 nusque
615 1388 742 1439 tum
765 1380 976 1440 tertius
999 1382 1290 1460 agebatur
1313 1381 1651 1442 centesimae
1688 1381 2135 1463 septuagesimae
2160 1380 2279 1463 pri-

362 1496 478 1536 mae
524 1474 926 1558 Olympiadis,
967 1497 1088 1557 quo
1136 1478 1412 1537 consules
1451 1475 1671 1537 Romae
1714 1476 1791 1537 C.
1829 1476 2137 1549 Valerius,
2184 1477 2281 1539 Μ.

362 1571 712 1635 Herennius
753 1572 1016 1633 fuerunt.
1097 1573 1395 1655 Philippo
1446 1574 1629 1652 igitur
1680 1573 1923 1655 Pioque
1958 1573 2036 1635 de
2084 1572 2280 1654 Syrioe

359 1688 544 1749 regno
561 1669 1006 1742 dimicantibus,
1027 1678 1276 1751 quartus
1291 1671 1476 1731 etiam
1499 1670 1699 1752 Grypi
1720 1669 1978 1731 filiorum
1997 1670 2279 1732 diadema

357 1767 570 1827 sumsit
597 1764 962 1839 Demetrius,
1000 1787 1140 1829 cum
1176 1766 1255 1828 ad
1300 1775 1504 1829 cetera
1543 1765 1829 1847 Syrorum
1852 1764 2035 1841 mala,
2064 1787 2141 1827 ne
2166 1788 2275 1827 un·-
2298 1788 2503 1852 Joseph.

357 1882 544 1943 quam
565 1861 770 1925 deesse
799 1862 964 1925 faces
997 1863 1350 1925 suscitandis
1374 1862 1667 1925 bellorum
1709 1864 1995 1925 incendiis
2016 1872 2276 1945 possent,

357 1960 592 2039 generis
617 1959 764 2038 regii
776 1957 1130 2021 foecunditas
1143 1959 1506 2023 accessisset.
1552 1959 1840 2021 Eucaerus
1862 1965 1917 2000 ¹⁴
1943 1961 1993 2020 is
2018 1960 2277 2020 vocaba-

358 2064 496 2117 tur:
538 2077 716 2137 quem
742 2056 1116 2119 Ptolemaeus
1133 2056 1433 2119 Lathurus
1449 2054 1651 2117 Cnido
1672 2057 1959 2129 excitum,
1990 2056 2277 2123 Damasei

355 2154 748 2215 constituerat
770 2174 992 2234 regem.

436 2256 541 2311 64.
586 2250 746 2318 Quae
781 2250 997 2312 deinde
1021 2259 1364 2332 sequuntur,
1401 2250 1506 2313 vix
1542 2249 1835 2332 explicari
1862 2258 2140 2330 possunt:
2168 2250 2275 2321 ita,

356 2348 642 2407 miscente
689 2347 892 2407 omnia
933 2348 1290 2428 scriptorum
1329 2346 1694 2427 negligentia
1734 2354 1799 2405 et
1836 2345 2125 2416 dissensu,
2170 2348 2275 2407 vix

355 2445 570 2528 tenuis,
604 2442 942 2504 intermicat
989 2444 1270 2503 strictura
1329 2443 1474 2505 veri.
1557 2442 1935 2523 Porphyrius
1985 2442 2277 2523 Philippo

356 2541 656 2603 biennium
683 2548 914 2601 tantum
941 2540 1154 2602 tribuit
1185 2542 1386 2620 regni:
1423 2538 1747 2621 Josephus,
1774 2542 1959 2601 etiam
1994 2538 2277 2599 fratribus

353 2645 590 2697 suenue
615 2637 986 2697 resistentem
1011 2636 1390 2699 Antiochum
1413 2636 1627 2708 Pium,
1652 2635 1929 2697 celeriter
1946 2636 2207 2696 occisum
2234 2656 2273 2696 a

359 2734 606 2795 Parthis
629 2753 796 2795 esse:
844 2734 1244 2815 Porphyrius,
1281 2733 1512 2815 pulsum
1542 2734 1623 2795 ab
1649 2731 1898 2805 winulis,
1939 2732 2271 2811 confugisse

353 2830 446 2891 ad.
464 2830 749 2903 Parthos,
777 2852 850 2891 ac
870 2831 954 2891 ibi
977 2850 1160 2911 usque
1181 2829 1260 2891 ad
1286 2830 1629 2891 Asiaticam
1650 2830 1934 2911 Pompeii
1956 2829 2269 2890 victoriam

353 2926 534 2989 fuisse
559 2927 780 2997 tradit:
817 2927 1112 2999 Justinus,
1138 2928 1200 2987 iu
1225 2926 1443 3007 angulo
1471 2925 1706 2987 Cilicioe
1730 2924 2085 2987 delituisse.¹’
2131 2924 2269 2986 No-
2312 2954 2495 3006 sustin.
2512 2970 2602 3006 η,

347 3023 450 3085 bis
467 3023 720 3095 nullum,
747 3024 847 3084 cui
867 3023 1086 3085 certius
1103 3022 1184 3083 ad
1208 3023 1480 3083 veritatis
1515 3022 1883 3103 inquirendae
1907 3042 2077 3082 usum
2103 3023 2270 3082 insis-
2294 3026 2348 3073 2·

351 3128 478 3181 tere
526 3121 834 3203 possimus,
881 3118 1319 3181 firmamentum
1371 3130 1483 3192 est,
1537 3140 1721 3201 quam
1774 3119 2057 3201 temporis
2106 3118 2271 3180 haud

348 3217 536 3279 dubia
563 3218 812 3290 notatio,
833 3238 956 3298 quo
984 3216 1224 3298 Syriam
1250 3216 1582 3298 Pompeius
1605 3215 1926 3276 ordinavit.
2011 3214 2185 3276 Nam
2206 3215 2267 3275 id

349 3312 694 3385 consulibus
719 3314 803 3375 D.
829 3312 1016 3375 Junio
1057 3312 1293 3386 Silano,
1327 3312 1399 3374 L.
1434 3312 1667 3374 Licinio
1704 3313 2005 3385 Muraena,
2043 3311 2271 3373 sactum

349 3432 480 3473 esse
505 3420 760 3481 constat.
845 3410 970 3471 Sed
1001 3410 1338 3473 octodecim
1379 3417 1518 3471 ante
1553 3409 1665 3469 hos
1696 3408 1968 3470 consules
1993 3410 2162 3469 annis
2189 3410 2269 3469 ab

347 3498 612 3588 Tigrane
647 3516 1002 3587 occupatam
1044 3506 1222 3567 fuisse
1261 3505 1526 3588 Syriam,
1563 3504 1848 3588 Pompeii
1880 3505 2065 3584 Trogi
2090 3505 2269 3565 muti·
2311 3534 2600 3590 Jusfinmr..

348 3604 506 3667 lator
533 3604 682 3665 locis
717 3604 948 3665 duobus
987 3602 1276 3665 affirmat:
1323 3624 1362 3663 a
1393 3624 1516 3684 quo
1551 3624 1659 3665 cur
1693 3604 1934 3663 minime
1959 3601 2270 3671 dissentire
2295 3604 2343 3652 1.
2364 3608 2417 3649 οἱ
2434 3606 2487 3653 2.

351 3702 709 3784 Appianum
733 3710 962 3783 putem,
984 3700 1087 3760 ubi
1113 3720 1206 3760 res
1230 3698 1553 3760 referendae
1571 3698 1849 3779 Tigranis
1872 3707 2066 3770 erunt,
2084 3718 2272 3779 appa-

347 3800 527 3859 rebit.
614 3798 778 3877 Ergo
809 3796 890 3858 ad
924 3797 995 3857 L.
1037 3796 1251 3877 Syllae,
1287 3795 1372 3863 Q.
1416 3794 1660 3857 Metelli
1692 3793 2090 3867 consulatum,
2132 3793 2270 3854 An-

348 3895 532 3957 tiochi
559 3895 666 3955 Pii
699 3904 762 3955 et
797 3894 996 3955 aemuli
1024 3894 1154 3973 ejus
1179 3891 1454 3975 Philippi
1481 3914 1666 3973 regna
1691 3892 1937 3975 produci
1963 3911 2270 3951 necessum

349 4002 482 4055 est:
510 3991 754 4073 quando
778 3993 840 4051 hi
867 3991 1144 4052 dicuntur
1169 3991 1249 4051 ab
1274 3988 1532 4069 Tigrane
1563 3989 1857 4051 Armenio
1882 3987 2145 4071 spoliati.

417 4144 480 4190 14
511 4140 620 4200 Sic,
655 4154 776 4189 cum
811 4138 1032 4203 Εὕκιιιρα
1063 4136 1202 4200 apud
1227 4136 1443 4201 joseph.
1473 4136 1698 4201 legatur,
1725 4137 1958 4187 correxit
1988 4136 2143 4186 Crev.
2171 4150 2266 4199 pro

348 4207 492 4269 vulg.
509 4204 762 4255 Esca-ius
782 4205 836 4254 in
855 4204 980 4255 edd.
1003 4204 1193 4269 prlorr.

1178 4312 1451 4333 mun„
1455 4312 1514 4334 00

353 4391 440 4497 cv
475 4356 700 4433 dentium
721 4382 775 4433 in
811 4381 988 4446 ungulo
1015 4380 1203 4431 Cilicia
1235 4378 1508 4443 delituisse]
1529 4376 1650 4429 vid.
1670 4385 1782 4430 not.
1820 4376 1888 4429 ad
1923 4393 1972 4429 c.
1992 4381 2075 4428 66.
2109 4376 2267 4429 infra.
2334 4431 2342 4439 ,

395 4462 497 4498 m.
1920 4466 1927 4471 ·
