3225 5242
811 503 1023 555 unm
1075 504 1352 555 nxvui.
1395 504 2048 557 survnnnnwruu.
2412 488 2591 557 4349
2652 474 2661 485 ’

349 626 429 705 *tis
452 644 732 707 virtutum
768 644 950 705 radiis
983 645 1062 708 ad
1101 647 1381 707 aemulum
1405 644 1741 707 clarissimis
1764 646 2037 709 domibus
2058 646 2257 729 splen-

295 730 309 753 “
351 740 555 802 dorem
599 741 940 803 illuminari.
1026 741 1250 824 Neque
1293 742 1398 804 diu
1431 743 1767 805 dubitatum
1802 743 1939 815 fuit,
1978 764 2113 805 cum
2152 743 2256 805 de·

348 830 628 918 sig-nandi
660 838 798 899 novi
830 840 1104 900 consules
1125 848 1338 911 essent,
1366 840 1512 920 quin
1549 848 1674 901 tam
1700 850 1763 900 et
1784 840 1953 901 fortis
1976 840 2255 912 bellator,

347 943 414 995 et
439 934 786 1013 magnificus
819 937 1035 1009 victor,
1065 936 1286 1001 absens„
1313 936 1586 1015 quintum
1624 944 1954 997 crearetur:
1998 938 2163 1017 quo²
2192 936 2253 996 id
2280 941 2386 991 Ην.
2418 942 2551 1011 Epic.

349 1031 554 1102 etiam,
582 1030 742 1113 quod
769 1031 1050 1093 adversus
1089 1040 1314 1093 ceteros
1343 1032 1729 1101 barbarorum
1754 1034 2051 1095 exercitus
2070 1040 2257 1093 resta-
2280 1006 2479 1075 Entmp.

346 1126 457 1187 bat
492 1128 710 1210 operis,
747 1126 910 1189 illius
953 1130 1319 1211 potissimum
1361 1129 1641 1210 auspiciis
1685 1150 1758 1189 ac
1796 1128 1981 1190 ductu
2027 1148 2253 1209 gerere-

347 1231 466 1283 tur.

429 1324 530 1379 31.
591 1317 1064 1380 Massiliensibus
1115 1318 1354 1391 deinde,
1409 1340 1657 1401 quorum
1718 1320 1887 1381 fortis
1938 1318 2253 1400 fidelisque
2310 1322 2466 1371 Str-b.
2484 1337 2559 1372 w·

341 1434 548 1495 opera,
571 1436 644 1475 eo
667 1423 730 1475 et
764 1414 1162 1497 superioribus
1197 1414 1464 1497 pluribus
1492 1416 1689 1488 bellis,
1724 1416 1939 1487 hietat,
1968 1435 2105 1476 cum
2130 1415 2255 1482 alia
2276 1402 2329 1453 Ρ·
2352 1392 2469 1439 ¹⁸⁸·

343 1510 620 1591 quaedam
639 1510 715 1571 de
733 1511 1047 1583 manubiis,
1069 1520 1196 1571 tum
1214 1510 1421 1584 fossas,
1443 1534 1594 1592 quas
1619 1511 1698 1572 ad
1715 1510 2079 1572 Rhodanum
2097 1511 2251 1572 dux-

343 1617 496 1678 erat,
525 1606 682 1667 dono
705 1606 910 1668 dedit:
953 1607 1112 1668 unde
1152 1608 1412 1687 vectigal
1452 1610 1707 1680 civitati,
1746 1609 2087 1688 uberesque
2117 1628 2252 1690 pro-

334 1712 553 1764 ventus
577 1703 776 1765 fuere:
821 1703 1012 1766 donec
1047 1704 1109 1764 id
1143 1725 1292 1786 opus
1314 1704 1566 1767 oblitum
1591 1726 1783 1777 coeno,
1805 1713 1868 1766 et
1892 1703 2250 1786 impellenti·

341 1801 454 1862 bus
484 1800 655 1861 undis
699 1820 880 1861 arena
905 1801 1220 1883 repletum,
1250 1800 1566 1882 Aquarum
1607 1806 2009 1863 mortuarum*¹
2032 1800 2249 1860 faciem
2304 1794 2439 1847 0¹5¹·
2460 1798 2511 1851 in

341 1918 676 1979 nomenque
716 1908 978 1959 nostrum
1033 1898 1112 1959 ad
1169 1918 1361 1959 aevum
1403 1899 1665 1981 pertulit.
1764 1897 1891 1958 Sed
1936 1906 2001 1959 et
2050 1899 2251 1958 hostes
2274 1862 2397 1952 ³¹9¹·
2414 1878 2474 1913 ¹¹·
2498 1868 2549 1913 ⁶⁰

337 2002 555 2053 terram
608 1992 1097 2065 Massiliensium,
1145 2014 1326 2074 quam
1385 1995 1508 2055 vivi
1573 2002 1975 2065 vastaverant,
2034 1995 2247 2053 mortui

337 2110 555 2170 magno
590 2090 916 2151 affecerunt
943 2090 1274 2152 commodo.
1359 2090 1526 2151 Nam
1566 2112 1700 2151 ossa
1738 2092 1801 2151 in
1836 2110 2005 2172 sepes
2042 2092 2245 2152 vinea·
2272 2108 2405 2161 Plut.

336 2207 468 2247 rum
512 2208 719 2257 versaz
761 2189 905 2249 tabo
946 2188 1208 2248 earnium
1254 2190 1342 2247 ita
1388 2186 1770 2269 pinguefacta
1810 2205 1956 2248 arva
1994 2196 2153 2258 sunt,
2182 2196 2250 2249 ut

337 2302 642 2365 nunquam
677 2284 916 2363 largiori
949 2291 1148 2364 segete
1179 2283 1629 2345 luxuriaverint.
1898 2362 1907 2371 ·

421 2386 522 2439 32.
561 2378 890 2441 Tantarum
915 2400 1108 2441 rerum
1133 2378 1426 2453 laetitiam,
1453 2379 1623 2441 velut
1644 2378 1723 2441 de
1764 2379 2053 2442 industria
2086 2400 2246 2460 pros-

334 2469 513 2558 peras
535 2498 628 2538 res
664 2478 1078 2541 accumulante
1119 2477 1377 2549 fortuna,
1417 2496 1588 2537 novae
1628 2476 1877 2537 subinde
1908 2496 2105 2537 causae
2135 2476 2247 2536 du-

335 2574 650 2655 plicarunt.
720 2574 1042 2635 Armorum
1076 2574 1376 2635 hostilium
1407 2573 1895 2655 splendidifflimis
1918 2574 2246 2655 triumpha-

337 2669 454 2731 lem
496 2671 575 2732 ad
623 2690 903 2753 pompam
947 2672 1282 2743 reservatis,
1325 2679 1525 2732 cetera
1569 2690 1834 2731 cremare
1878 2669 2017 2731 Diis
2056 2669 2247 2731 victor

332 2769 737 2829 constituerat.
807 2768 1037 2847 Magno
1054 2766 1348 2830 sacrificio
1372 2768 1678 2839 instructo,
1698 2765 1997 2828 laureatus
2019 2768 2245 2827 circum

333 2868 632 2927 exercitus
655 2866 888 2927 stabat:
931 2866 1056 2948 ipse
1091 2866 1168 2925 de
1194 2885 1354 2926 more
1379 2872 1575 2925 sumta
1601 2872 1920 2945 praetexta,
1947 2865 2243 2924 incinctus

331 2964 530 3024 cinctu
558 2960 823 3034 Gabino,
850 2961 1042 3023 facem
1069 2982 1376 3023 accensam
1399 2960 1783 3041 corripuerat,
1815 2962 2066 3040 jamque
2112 2978 2239 3020 am·
2295 2971 2541 3027 Lim-m.

331 3060 526 3121 babus
549 3060 822 3119 manibus
845 3058 1066 3119 elatam
1101 3059 1164 3119 in
1209 3058 1425 3119 coelum
1467 3077 1612 3136 rogo
1656 3057 1909 3138 parabat
1944 3056 2234 3125 subdere3
2262 3042 2315 3088 ⁹·
2339 3054 2394 3088 ¹·
2412 3042 2465 3089 ⁷·

329 3176 469 3217 cum
510 3164 886 3217 accurrentes
937 3156 1135 3216 citatis
1173 3156 1345 3235 equis
1385 3154 1560 3213 amici
1597 3172 1826 3214 moram
1868 3152 2238 3234 expectatio-
2257 3132 2395 3186 Plut.

332 3272 584 3332 nemque
615 3260 680 3311 et
713 3252 825 3333 ipsi
859 3260 922 3311 et
953 3250 1162 3311 ceteris
1200 3250 1554 3330 injecerunt.

415 3352 515 3408 33.
559 3346 682 3407 Sed
732 3368 868 3409 cum
926 3346 1005 3407 ad
1065 3348 1476 3428 imperatorem
1524 3346 1843 3414 venissent,
1902 3340 2244 3403 desilientes

327 3445 502 3525 equis
534 3442 774 3506 decreta
801 3452 1038 3506 senatus
1077 3444 1373 3515 nuntiant,
1402 3444 1725 3523 literasque
1760 3440 2084 3523 porrigunt,
2110 3442 2241 3523 qui-

327 3541 442 3601 bus
465 3560 540 3602 ea
563 3541 1095 3623 perscribebantur.
1185 3541 1425 3608 Quibus
1451 3540 1625 3602 lectis
1653 3538 1905 3611 Marius,
1934 3548 1953 3574 ⁴
1974 3536 2239 3606 Quando

945 3713 979 3760 ²
1015 3708 1156 3765 Quod
1175 3706 1296 3759 edd.
1315 3714 1438 3758 ante
1458 3708 1616 3759 Crev.
1641 3765 1659 3777 „

1081 3818 1262 3841 ‘Onu
1267 3816 1414 3839 θ’θ’,
1419 3818 1448 3839 O

395 3884 419 3921 ⁴
455 3886 702 3951 Aquarium
719 3884 1036 3949 mortuarum]
1071 3885 1240 3937 Quem
1319 3888 1438 3953 quia
1462 3883 1635 3936 arenis
1669 3889 1725 3933 et
1753 3884 1875 3932 limo
1896 3882 2109 3946 oppleta
2133 3888 2237 3943 est,

323 3952 499 4001 locum
545 3952 688 4003 Gaui
737 3966 978 4002 vocamus
1031 3950 1240 4015 Aiginet-
1321 3952 1588 4002 nominant
1602 3950 1795 3998 accole
1820 3946 2080 3997 Erum.
2114 3948 2235 3998 vid.

322 4017 586 4076 meai·
603 4016 1242 4078 longiusculeaRbodano
1321 4018 1470 4067 Voss.
1527 4017 1582 4065 in
1622 4013 1758 4062 notis
1808 4012 1876 4061 ad
1922 4010 2135 4071 Melam,
2178 4022 2237 4062 et

325 4080 395 4130 ad
410 4081 650 4131 dextram
669 4081 1242 4142 situs‚nihilcommuue
1322 4082 1512 4132 cellar.
1553 4078 1754 4140 Geogr.
1790 4076 1917 4126 Ant.
1952 4078 1986 4125 Ι.
2010 4089 2075 4127 ιι.
2109 4092 2159 4125 c.
2182 4082 2233 4129 2.

323 4146 490 4195 babet
523 4161 638 4195 cum
675 4145 810 4195 fossa
837 4146 1094 4207 Mariana,
1125 4162 1242 4211 qum
1322 4156 1416 4197 aut
1449 4142 1829 4195 Dictionarium
1875 4140 2074 4204 Geogr.
2114 4141 2235 4189 doc·

325 4225 424 4275 per
461 4210 748 4275 Lapideum
783 4225 1042 4275 campum,
1083 4226 1236 4275 quem
1317 4210 1504 4262 tissimi
1523 4210 1614 4259 viri
1632 4209 1838 4257 Bruzen
1856 4206 1909 4254 1ιι
1925 4205 2237 4257 Martiuiero

325 4275 546 4325 dicimus
569 4276 645 4325 La
672 4276 818 4337 Creu,
841 4276 1001 4325 ducta
1024 4283 1138 4325 erat
1172 4276 1238 4326 ab
1319 4278 1372 4327 in
1391 4275 1608 4335 vocibuq
1623 4272 2065 4333 aiguas-morteset
2086 4270 2236 4323 Fam

321 4340 456 4391 urbe
502 4339 734 4393 Arelate.
821 4340 975 4392 Hanc
1027 4338 1238 4405 sonam,
1321 4342 1564 4392 Mar-imm.
1597 4340 1757 4390 (ἴτον.
1934 4350 1941 4359 ·
