3225 5242
756 568 932 633 4250
1715 581 1785 631 τ.
1838 580 2032 629 mvn

789 725 922 773 Plut.
1085 724 1164 784 tis
1211 734 1404 795 notos,
1445 722 1853 809 frequentibus
1900 721 2123 804 praeliis
2170 722 2423 801 mbegit.
2528 720 2985 799 Quinquaginta

757 790 957 967 ἓξὲξ
979 856 1058 903 19.
1083 819 1292 881 fratres
1315 820 1492 881 fuisse
1513 818 1897 891 Posidonius,
1916 820 2222 897 octoginta
2251 816 2647 899 Apollonides
2686 818 2981 878 memoriae

787 928 809 967 t
861 934 891 966 e
914 917 1034 965 Gar·
1216 918 1229 930 ‘
2172 910 2179 921 ”

752 936 908 1111 {¹¹:33
929 987 1015 1033 ²⁹’
1076 916 1837 1076 “aggffeffist-mmbm
1868 1010 2203 1081 animosior,
2242 1012 2431 1071 totius
2472 1008 2633 1070 orbis
2674 1010 2981 1089 imperium

898 1098 914 1115 ’
1083 1110 1352 1191 improbe
1391 1128 1498 1189 spe
1535 1108 1651 1167 sibi
1692 1106 2013 1181 destinans,
2044 1106 2261 1167 Asiam
2300 1114 2365 1167 et
2398 1104 2717 1167 Romanos
2740 1105 2984 1168 mulos

1079 1206 1340 1285 cogitare
1363 1206 1564 1286 coepit,
1589 1204 1853 1269 subactis
1882 1224 2065 1283 usque
2100 1202 2179 1265 ad
2204 1223 2367 1265 mare
2389 1201 2769 1265 Adriaticum
2792 1222 2981 1284 popu-

1079 1299 1177 1373 lis,
1213 1300 1323 1362 illa
1355 1311 1537 1383 parte‘
1561 1302 1885 1382 irruptum
1912 1299 2194 1361 Italiam:
2236 1298 2393 1361 unde
2416 1299 2741 1361 maximnm
2764 1308 2829 1359 et
2850 1298 2981 1359 lon·-

1079 1399 1378 1477 gissimum
1421 1406 1629 1479 postea
1665 1396 1889 1458 bellum
1922 1398 2139 1477 erupit,
2164 1406 2233 1457 ut
2254 1416 2360 1456 suo
2384 1395 2520 1457 loco
2544 1394 2981 1455 memorabitur.

1081 1492 1270 1553 Nunc
1295 1494 1462 1573 regni
1483 1492 1733 1555 exordia
1755 1494 2011 1573 signasse
2038 1492 2357 1564 suffecerit,
2382 1511 2518 1573 quae
2540 1493 2604 1551 in
2633 1490 2727 1551 M.
2750 1490 2982 1551 Livium

1083 1588 1366 1661 Drusum,
1395 1590 1466 1650 L.
1489 1589 1879 1673 Calpurnium
1896 1589 2183 1649 Pisonem
2206 1588 2497 1659 consules,
2518 1596 2623 1649 aut
2648 1588 2983 1669 proximum

1081 1694 1240 1757 ante,
1264 1685 1364 1747 vel
1404 1696 1542 1767 post
1571 1706 1697 1757 eos,
1734 1706 1953 1746 annum
1976 1685 2324 1746 inciderunt.
2410 1682 2715 1765 Siquidem
2738 1704 2849 1745 sex
2878 1692 2983 1743 ant

1079 1792 1304 1863 septem
1329 1792 1392 1843 et
1413 1783 1843 1864 quinquaginta
1865 1782 2095 1863 imperii
2118 1782 2287 1842 annis
2303 1781 2559 1852 exactis,
2585 1779 2663 1840 C.
2688 1779 2981 1849 Antonio,

754 1884 1061 2066 3¹³3&-
1081 1878 1262 2047 231⁰
1267 1878 1805 2037 'fffissfflssss’
1806 1878 2357 2057 ἴήὶῗὲῗὲῖθέἑ
2374 1878 2637 2035 ’ὲῖζὲἒέ
2638 1877 2981 2053 ‘'1222''{225

755 2079 899 2193 Ριξξι.
927 2080 1036 2195 gem
1081 2071 1246 2143 siliis,
1272 2082 1511 2133 senatus
1543 2070 1914 2151 negligebat:
1958 2074 2019 2132 in
2058 2071 2374 2154 Syriacum
2408 2090 2649 2150 reg-num
2688 2070 2982 2140 intentior,

755 2210 852 2262 nul.
869 2226 915 2261 c.
941 2214 1024 2261 11.
1081 2170 1178 2249 cuj
1186 2188 1254 2229 us
1275 2188 1418 2249 opes
1442 2167 1775 2249 defeetione
1794 2169 2125 2239 civitatum,
2147 2166 2395 2248 aliisque
2416 2167 2651 2227 damnis
2666 2186 2802 2247 qnae
2821 2166 2983 2227 bella

1078 2264 1286 2325 civilia
1322 2266 1488 2346 sequi
1522 2263 1736 2338 solent,
1784 2264 2047 2347 quotidie
2082 2264 2286 2335 minui,
2324 2283 2439 2323 non
2474 2264 2690 2325 invims
2728 2265 2979 2346 aecipie-

1079 2362 1204 2422 bat.

1159 2465 1260 2519 61.
1303 2457 1408 2519 Ne
1451 2456 1779 2519 Africanas
1816 2478 1909 2517 res
1948 2456 2157 2519 eodem
2198 2455 2396 2518 animo
2434 2455 2635 2527 ferret,
2670 2456 2895 2537 pudore
2922 2467 2983 2518 et

1077 2555 1167 2613 ira
1206 2554 1552 2615 vetabatur:
1593 2574 1731 2615 cum
1778 2574 1969 2634 neque
2011 2574 2211 2633 regum
2256 2554 2735 2613 amicissimorum
2774 2574 2979 2635 proge-

1077 2651 1240 2711 niem·
1263 2651 1629 2712 indefensam
1662 2652 1915 2733 relinqui
1944 2650 2241 2719 decorum,
2274 2669 2465 2729 neque
2494 2670 2659 2711 suam
2696 2670 2735 2711 a
2762 2649 2977 2729 Jngur-

1076 2748 1186 2807 tha
1217 2749 1586 2825 majestatem
1625 2749 1921 2809 contemni
1960 2746 2271 2807 tolerabile
2312 2745 2639 2827 judicaret.
2742 2746 2979 2827 Majore

1077 2844 1254 2923 igitur
1299 2864 1443 2906 cura
1497 2864 1570 2903 esc
1622 2845 1936 2905 severitate
1990 2850 2257 2905 coercere
2308 2843 2690 2924 impotentem
2734 2842 2982 2903 hominis

1079 2941 1390 3002 audaciam
1425 2944 1643 3023 coepit:
1701 2940 1928 3001 tardius
1971 2950 2192 3013 tamen,
2240 2960 2420 3021 quam
2464 2940 2669 3022 populi
2716 2938 2979 3002 Romani

793 3038 908 3090 San.
937 3036 1055 3104 δας.
1078 3036 1358 3116 dignitas,
1379 3046 1444 3097 et
1467 3036 1625 3099 salus
1640 3035 2009 3098 Adherbalis
2031 3038 2367 3118 requireret.
2432 3036 2675 3117 Quippe
2688 3036 2729 3097 J
2732 3038 2981 3115 ugurtha

754 3118 800 3155 θ’
822 3108 905 3157 ²⁰⁰
1075 3132 1272 3194 fratris
1305 3133 1652 3195 modestiam
1686 3134 1919 3212 injuriae
1944 3142 2333 3215 opportunam
2356 3131 2587 3204 videns,
2616 3152 2847 3193 summa
2870 3154 2979 3215 ope

1075 3249 1315 3299 causam
1341 3229 1483 3290 belli
1503 3232 1827 3310 quaerebat,
1854 3232 2037 3290 etiam
2062 3228 2209 3291 fines
2231 3232 2361 3309 ejus
2386 3248 2522 3289 eum
2560 3248 2777 3307 magna
2800 3250 2979 3291 manu

1077 3326 1365 3387 hostiliter
1388 3326 1729 3407 populatus,
1746 3335 1814 3387 ut
1831 3327 1943 3386 hoc
1952 3326 2157 3387 dolore
2184 3324 2633 3387 commotumad
2656 3344 2977 3387 amaeon-

1075 3430 1170 3481 tra
1197 3443 1262 3481 se
1301 3422 1595 3502 capienda
1624 3422 2046 3503 compelleret;
2090 3442 2279 3501 enque
2309 3442 2401 3482 res
2432 3421 2547 3481 sibi
2586 3420 2869 3505 deinceps
2902 3422 2978 3483 sd

1078 3538 1172 3588 en,
1201 3538 1335 3598 quae
1363 3518 1559 3578 animo
1586 3518 1983 3579 destinaverat
2006 3517 2365 3599 peragenda,
2390 3518 2658 3579 obtentui
2686 3527 2861 3579 esset.
3045 3508 3058 3515 ³

1158 3621 1258 3674 52.
1301 3613 1614 3675 Adherbal
1658 3634 1847 3694 neque
1888 3616 2063 3674 armis
2100 3605 2377 3685 confisus,
2418 3634 2667 3694 quorum
2702 3624 2979 3695 expertus

1077 3707 1474 3771 infirmitatem
1499 3710 1713 3781 fuerat,
1740 3720 1804 3769 et
1826 3708 2029 3790 populi
2057 3710 2324 3771 Romani
2351 3710 2677 3790 proniorem
2702 3710 2975 3773 volunta-

1075 3814 1196 3865 tem
1245 3806 1360 3867 sibi
1413 3805 1735 3887 pollicitus,
1775 3807 1825 3865 si
1874 3809 2005 3885 ejus
2056 3808 2381 3868 reverentia
2423 3804 2583 3867 bello
2628 3806 2977 3879 abstinuioee

1076 3902 1403 3971 videretur3
1449 3902 1675 3981 legatos
1706 3902 1783 3961 ad
1808 3900 1847 3961 J
1854 3903 2162 3979 ugurtham
2186 3902 2261 3962 de
2298 3903 2525 3981 injuriis
2547 3912 2817 3982 questum
2843 3906 2975 3965 mit-

1077 3998 1170 4057 tit.
1238 3997 1348 4059 Ad
1372 4000 1486 4059 hoc
1509 4018 1646 4058 eum
1668 3997 1853 4059 multa
1871 3997 2229 4059 contumelia
2251 4000 2563 4060 verborum
2586 4000 2975 4060 remittuntur.

1079 4092 1186 4155 Ne
1228 4096 1313 4155 sic
1345 4096 1584 4175 quidem
1611 4104 1771 4155 moto
1796 4094 1875 4154 ad
1912 4094 2251 4155 bellandum
2276 4094 2651 4165 Adherbale,
2688 4097 2790 4176 qui
2818 4098 2975 4178 prius

1079 4192 1276 4250 omnia
1300 4193 1424 4272 pati
1447 4192 1807 4262 decreverat,
1834 4192 1960 4272 ipse
1989 4191 2299 4270 impatiens
2324 4212 2524 4264 morae,
2546 4194 2779 4273 justum
2804 4212 2971 4253 exer-

1076 4286 1262 4379 eitum
1286 4289 1345 4347 in
1367 4287 1514 4349 fines
1539 4287 1907 4349 Adherbalis
1930 4287 2191 4349 inducit:
2234 4296 2299 4349 et
2322 4288 2521 4370 palam
2546 4290 2727 4349 totius
2754 4288 2817 4351 N
2826 4290 2968 4350 umi-
