<?xml version="1.0" encoding="UTF-8"?>
<!DOCTYPE html PUBLIC "-//W3C//DTD XHTML 1.0 Transitional//EN"
    "http://www.w3.org/TR/xhtml1/DTD/xhtml1-transitional.dtd">
<html xmlns="http://www.w3.org/1999/xhtml" xml:lang="en" lang="en">
 <head>
  <title>
</title>
<meta http-equiv="Content-Type" content="text/html;charset=utf-8" />
  <meta name='ocr-system' content='tesseract 3.04.00' />
  <meta name='ocr-capabilities' content='ocr_page ocr_carea ocr_par ocr_line ocrx_word'/>
</head>
<body>
  <div class='ocr_page' id='page_1' title='image "./tliviipatavinih36unkngoog_0463.png"; bbox 0 0 3225 5242; ppageno 0'>
   <div class='ocr_carea' id='block_1_1' title="bbox 359 524 2516 821">
    <p class='ocr_par' dir='ltr' id='par_1_1' title="bbox 359 524 2516 821">
     <span class='ocr_line' id='line_1_1' title="bbox 825 524 2516 647; baseline 0 -2"><span class='ocrx_word' id='word_1_1' title='bbox 825 595 1032 645; x_wconf 75' lang='lat' dir='ltr'><strong>unm</strong></span> <span class='ocrx_word' id='word_1_2' title='bbox 1085 594 1282 645; x_wconf 68' lang='lat' dir='ltr'><strong>Lxx.</strong></span> <span class='ocrx_word' id='word_1_3' title='bbox 1320 524 1983 647; x_wconf 67' lang='lat' dir='ltr'><strong>susrnnnnurun.</strong></span> <span class='ocrx_word' id='word_1_4' title='bbox 2316 568 2516 645; x_wconf 76' lang='lat' dir='ltr'><strong>&#39;44oe</strong></span> 
     </span>
     <span class='ocr_line' id='line_1_2' title="bbox 359 694 2491 821; baseline -0.002 -21"><span class='ocrx_word' id='word_1_5' title='bbox 359 746 463 801; x_wconf 77' lang='lat'><strong>46.</strong></span> <span class='ocrx_word' id='word_1_6' title='bbox 529 738 624 800; x_wconf 83' lang='lat' dir='ltr'><strong>Eo</strong></span> <span class='ocrx_word' id='word_1_7' title='bbox 645 762 654 771; x_wconf 87' lang='lat'><strong>·</strong></span> <span class='ocrx_word' id='word_1_8' title='bbox 673 748 940 821; x_wconf 86' lang='lat' dir='ltr'><strong>tempore</strong></span> <span class='ocrx_word' id='word_1_9' title='bbox 991 736 1390 821; x_wconf 81' lang='lat' dir='ltr'><strong>Cappadoces</strong></span> <span class='ocrx_word' id='word_1_10' title='bbox 1445 736 1827 799; x_wconf 69' lang='lat' dir='ltr'><strong>admirationi</strong></span> <span class='ocrx_word' id='word_1_11' title='bbox 1890 736 2190 798; x_wconf 82' lang='lat' dir='ltr'><strong>Romanis</strong></span> <span class='ocrx_word' id='word_1_12' title='bbox 2244 734 2429 789; x_wconf 73' lang='lat' dir='ltr'><strong>sustin.</strong></span> <span class='ocrx_word' id='word_1_13' title='bbox 2484 694 2491 697; x_wconf 28' lang='grc'>-</span> 
     </span>
    </p>
   </div>
   <div class='ocr_carea' id='block_1_2' title="bbox 273 805 2517 1693">
    <p class='ocr_par' dir='ltr' id='par_1_2' title="bbox 273 805 2517 1113">
     <span class='ocr_line' id='line_1_3' title="bbox 273 805 2517 917; baseline -0.002 -17"><span class='ocrx_word' id='word_1_14' title='bbox 273 838 538 901; x_wconf 79' lang='lat' dir='ltr'><strong>fuerunt.</strong></span> <span class='ocrx_word' id='word_1_15' title='bbox 640 847 658 875; x_wconf 90' lang='lat'>‘</span> <span class='ocrx_word' id='word_1_16' title='bbox 691 837 952 917; x_wconf 77' lang='lat' dir='ltr'><strong>Magnas</strong></span> <span class='ocrx_word' id='word_1_17' title='bbox 992 856 1170 917; x_wconf 76' lang='lat' dir='ltr'><strong>agere</strong></span> <span class='ocrx_word' id='word_1_18' title='bbox 1227 838 1460 899; x_wconf 86' lang='lat' dir='ltr'><strong>senatui</strong></span> <span class='ocrx_word' id='word_1_19' title='bbox 1519 834 1863 917; x_wconf 76' lang='lat' dir='ltr'><strong>populoque</strong></span> <span class='ocrx_word' id='word_1_20' title='bbox 1906 834 2189 897; x_wconf 83' lang='lat' dir='ltr'><strong>Romano</strong></span> <span class='ocrx_word' id='word_1_21' title='bbox 2210 805 2517 917; x_wconf 45' lang='grc' dir='ltr'><strong>ξζῖζωῶ</strong></span> 
     </span>
     <span class='ocr_line' id='line_1_4' title="bbox 276 932 2191 1016; baseline -0.001 -20"><span class='ocrx_word' id='word_1_22' title='bbox 276 936 534 1015; x_wconf 79' lang='lat' dir='ltr'><strong>gratias’</strong></span> <span class='ocrx_word' id='word_1_23' title='bbox 575 934 884 1007; x_wconf 84' lang='lat' dir='ltr'><strong>dicebant,</strong></span> <span class='ocrx_word' id='word_1_24' title='bbox 926 945 944 973; x_wconf 90' lang='lat'>‘</span> <span class='ocrx_word' id='word_1_25' title='bbox 975 937 1080 1016; x_wconf 88' lang='lat' dir='ltr'><strong>qui</strong></span> <span class='ocrx_word' id='word_1_26' title='bbox 1119 956 1185 996; x_wconf 87' lang='lat' dir='ltr'><strong>se</strong></span> <span class='ocrx_word' id='word_1_27' title='bbox 1219 944 1528 1016; x_wconf 81' lang='lat' dir='ltr'><strong>compotes</strong></span> <span class='ocrx_word' id='word_1_28' title='bbox 1563 934 1765 995; x_wconf 81' lang='lat' dir='ltr'><strong>facere</strong></span> <span class='ocrx_word' id='word_1_29' title='bbox 1798 932 2027 994; x_wconf 82' lang='lat' dir='ltr'><strong>vellent</strong></span> <span class='ocrx_word' id='word_1_30' title='bbox 2058 934 2191 1011; x_wconf 82' lang='lat' dir='ltr'><strong>ejus</strong></span> 
     </span>
     <span class='ocr_line' id='line_1_5' title="bbox 273 1022 2195 1113; baseline -0.001 -20"><span class='ocrx_word' id='word_1_31' title='bbox 273 1031 652 1104; x_wconf 83' lang='lat' dir='ltr'><strong>conditionis,</strong></span> <span class='ocrx_word' id='word_1_32' title='bbox 693 1052 892 1113; x_wconf 87' lang='lat' dir='ltr'><strong>quam·</strong></span> <span class='ocrx_word' id='word_1_33' title='bbox 920 1032 1074 1093; x_wconf 86' lang='lat' dir='ltr'><strong>inter</strong></span> <span class='ocrx_word' id='word_1_34' title='bbox 1112 1052 1318 1094; x_wconf 85' lang='lat' dir='ltr'><strong>omues</strong></span> <span class='ocrx_word' id='word_1_35' title='bbox 1359 1022 1933 1113; x_wconf 71' lang='lat' dir='ltr'><strong>rerumpublicarum</strong></span> <span class='ocrx_word' id='word_1_36' title='bbox 1972 1029 2195 1091; x_wconf 82' lang='lat' dir='ltr'><strong>formas</strong></span> 
     </span>
    </p>

    <p class='ocr_par' dir='ltr' id='par_1_3' title="bbox 279 1125 2192 1210">
     <span class='ocr_line' id='line_1_6' title="bbox 279 1125 2192 1210; baseline -0.002 -21"><span class='ocrx_word' id='word_1_37' title='bbox 279 1148 388 1209; x_wconf 89' lang='lat' dir='ltr'><strong>pro</strong></span> <span class='ocrx_word' id='word_1_38' title='bbox 413 1129 894 1210; x_wconf 49' lang='lat' dir='ltr'><strong>praestantissima</strong></span> <span class='ocrx_word' id='word_1_39' title='bbox 923 1130 1184 1190; x_wconf 86' lang='lat' dir='ltr'><strong>omnium</strong></span> <span class='ocrx_word' id='word_1_40' title='bbox 1221 1130 1566 1210; x_wconf 78' lang='lat' dir='ltr'><strong>optimaque</strong></span> <span class='ocrx_word' id='word_1_41' title='bbox 1609 1129 1737 1210; x_wconf 91' lang='lat' dir='ltr'><strong>ipse</strong></span> <span class='ocrx_word' id='word_1_42' title='bbox 1776 1127 2031 1209; x_wconf 86' lang='lat' dir='ltr'><strong>populus</strong></span> <span class='ocrx_word' id='word_1_43' title='bbox 2058 1125 2192 1187; x_wconf 80' lang='lat' dir='ltr'><strong>Ro-</strong></span> 
     </span>
    </p>

    <p class='ocr_par' dir='ltr' id='par_1_4' title="bbox 279 1222 2293 1310">
     <span class='ocr_line' id='line_1_7' title="bbox 279 1222 2293 1310; baseline -0.001 -25"><span class='ocrx_word' id='word_1_44' title='bbox 279 1228 488 1285; x_wconf 84' lang='lat' dir='ltr'><strong>manus</strong></span> <span class='ocrx_word' id='word_1_45' title='bbox 512 1225 810 1305; x_wconf 72' lang='lat' dir='ltr'><strong>elegisset.</strong></span> <span class='ocrx_word' id='word_1_46' title='bbox 895 1224 1030 1287; x_wconf 87' lang='lat' dir='ltr'><strong>Sibi</strong></span> <span class='ocrx_word' id='word_1_47' title='bbox 1065 1246 1302 1307; x_wconf 87' lang='lat' dir='ltr'><strong>quoque</strong></span> <span class='ocrx_word' id='word_1_48' title='bbox 1349 1227 1538 1308; x_wconf 88' lang='lat' dir='ltr'><strong>prima</strong></span> <span class='ocrx_word' id='word_1_49' title='bbox 1581 1225 1775 1287; x_wconf 79' lang='lat' dir='ltr'><strong>fronte</strong></span> <span class='ocrx_word' id='word_1_50' title='bbox 1816 1222 1967 1283; x_wconf 82' lang='lat' dir='ltr'><strong>nihil</strong></span> <span class='ocrx_word' id='word_1_51' title='bbox 2002 1223 2194 1285; x_wconf 78' lang='lat' dir='ltr'><strong>visum</strong></span> <span class='ocrx_word' id='word_1_52' title='bbox 2286 1298 2293 1310; x_wconf 32' lang='lat'>⁸</span> 
     </span>
    </p>

    <p class='ocr_par' dir='ltr' id='par_1_5' title="bbox 276 1320 2195 1403">
     <span class='ocr_line' id='line_1_8' title="bbox 276 1320 2195 1403; baseline -0.001 -22"><span class='ocrx_word' id='word_1_53' title='bbox 276 1320 412 1382; x_wconf 55' lang='lat' dir='ltr'><strong>&#39;fieri</strong></span> <span class='ocrx_word' id='word_1_54' title='bbox 443 1342 618 1403; x_wconf 84' lang='lat' dir='ltr'><strong>posse</strong></span> <span class='ocrx_word' id='word_1_55' title='bbox 660 1322 914 1395; x_wconf 82' lang='lat' dir='ltr'><strong>felicius,</strong></span> <span class='ocrx_word' id='word_1_56' title='bbox 947 1342 1130 1403; x_wconf 87' lang='lat' dir='ltr'><strong>quam</strong></span> <span class='ocrx_word' id='word_1_57' title='bbox 1165 1324 1216 1383; x_wconf 91' lang='lat' dir='ltr'><strong>si</strong></span> <span class='ocrx_word' id='word_1_58' title='bbox 1257 1322 1441 1383; x_wconf 78' lang='lat' dir='ltr'><strong>simili</strong></span> <span class='ocrx_word' id='word_1_59' title='bbox 1463 1325 1604 1403; x_wconf 83' lang='lat' dir='ltr'><strong>jure</strong></span> <span class='ocrx_word' id='word_1_60' title='bbox 1652 1320 1973 1401; x_wconf 81' lang='lat' dir='ltr'><strong>modoque,</strong></span> <span class='ocrx_word' id='word_1_61' title='bbox 2014 1329 2195 1401; x_wconf 87' lang='lat' dir='ltr'><strong>atque</strong></span> 
     </span>
    </p>

    <p class='ocr_par' dir='ltr' id='par_1_6' title="bbox 281 1416 2197 1501">
     <span class='ocr_line' id='line_1_9' title="bbox 281 1416 2197 1501; baseline -0.001 -23"><span class='ocrx_word' id='word_1_62' title='bbox 281 1420 561 1500; x_wconf 86' lang='lat' dir='ltr'><strong>princeps</strong></span> <span class='ocrx_word' id='word_1_63' title='bbox 625 1420 890 1481; x_wconf 86' lang='lat' dir='ltr'><strong>omnium</strong></span> <span class='ocrx_word' id='word_1_64' title='bbox 954 1420 1220 1499; x_wconf 78' lang='lat' dir='ltr'><strong>gentium</strong></span> <span class='ocrx_word' id='word_1_65' title='bbox 1275 1418 1554 1501; x_wconf 88' lang='lat' dir='ltr'><strong>populus,</strong></span> <span class='ocrx_word' id='word_1_66' title='bbox 1607 1427 1964 1498; x_wconf 79' lang='lat' dir='ltr'><strong>regerentur.</strong></span> <span class='ocrx_word' id='word_1_67' title='bbox 2072 1416 2197 1477; x_wconf 85' lang='lat' dir='ltr'><strong>Sed</strong></span> 
     </span>
    </p>

    <p class='ocr_par' dir='ltr' id='par_1_7' title="bbox 277 1512 2199 1693">
     <span class='ocr_line' id='line_1_10' title="bbox 279 1512 2199 1597; baseline -0.001 -22"><span class='ocrx_word' id='word_1_68' title='bbox 279 1526 492 1597; x_wconf 88' lang='lat' dir='ltr'><strong>postea</strong></span> <span class='ocrx_word' id='word_1_69' title='bbox 533 1516 622 1577; x_wconf 83' lang='lat' dir='ltr'><strong>sic</strong></span> <span class='ocrx_word' id='word_1_70' title='bbox 667 1536 706 1575; x_wconf 94' lang='lat' dir='ltr'><strong>a</strong></span> <span class='ocrx_word' id='word_1_71' title='bbox 745 1516 1074 1594; x_wconf 85' lang='lat' dir='ltr'><strong>majoribus</strong></span> <span class='ocrx_word' id='word_1_72' title='bbox 1123 1524 1268 1576; x_wconf 88' lang='lat' dir='ltr'><strong>natu</strong></span> <span class='ocrx_word' id='word_1_73' title='bbox 1320 1516 1645 1596; x_wconf 82' lang='lat' dir='ltr'><strong>accepisse,</strong></span> <span class='ocrx_word' id='word_1_74' title='bbox 1692 1512 2199 1595; x_wconf 77' lang='lat' dir='ltr'><strong>quemadmodum</strong></span> 
     </span>
     <span class='ocr_line' id='line_1_11' title="bbox 277 1610 2199 1693; baseline -0.001 -22"><span class='ocrx_word' id='word_1_75' title='bbox 277 1612 644 1693; x_wconf 73' lang='lat' dir='ltr'><strong>singulorum</strong></span> <span class='ocrx_word' id='word_1_76' title='bbox 671 1612 1000 1683; x_wconf 84' lang='lat' dir='ltr'><strong>bominum,</strong></span> <span class='ocrx_word' id='word_1_77' title='bbox 1027 1613 1116 1672; x_wconf 86' lang='lat' dir='ltr'><strong>ita</strong></span> <span class='ocrx_word' id='word_1_78' title='bbox 1139 1616 1421 1691; x_wconf 75' lang='lat' dir='ltr'><strong>generum</strong></span> <span class='ocrx_word' id='word_1_79' title='bbox 1445 1613 1627 1672; x_wconf 83' lang='lat' dir='ltr'><strong>etiam</strong></span> <span class='ocrx_word' id='word_1_80' title='bbox 1663 1612 1863 1672; x_wconf 80' lang='lat' dir='ltr'><strong>varias</strong></span> <span class='ocrx_word' id='word_1_81' title='bbox 1902 1610 2199 1691; x_wconf 81' lang='lat' dir='ltr'><strong>longeque</strong></span> 
     </span>
    </p>
   </div>
   <div class='ocr_carea' id='block_1_3' title="bbox 276 1707 2197 1789">
    <p class='ocr_par' dir='ltr' id='par_1_8' title="bbox 276 1707 2197 1789">
     <span class='ocr_line' id='line_1_12' title="bbox 276 1707 2197 1789; baseline -0.001 -22"><span class='ocrx_word' id='word_1_82' title='bbox 276 1708 430 1782; x_wconf 79' lang='lat' dir='ltr'><strong>inter</strong></span> <span class='ocrx_word' id='word_1_83' title='bbox 462 1729 526 1769; x_wconf 85' lang='lat' dir='ltr'><strong>se</strong></span> <span class='ocrx_word' id='word_1_84' title='bbox 561 1708 824 1769; x_wconf 82' lang='lat' dir='ltr'><strong>diversas</strong></span> <span class='ocrx_word' id='word_1_85' title='bbox 862 1708 1230 1770; x_wconf 82' lang='lat' dir='ltr'><strong>differentias</strong></span> <span class='ocrx_word' id='word_1_86' title='bbox 1271 1728 1419 1769; x_wconf 85' lang='lat' dir='ltr'><strong>esse.</strong></span> <span class='ocrx_word' id='word_1_87' title='bbox 1503 1708 1751 1769; x_wconf 85' lang='lat' dir='ltr'><strong>Paucos</strong></span> <span class='ocrx_word' id='word_1_88' title='bbox 1785 1707 1867 1768; x_wconf 87' lang='lat' dir='ltr'><strong>ad</strong></span> <span class='ocrx_word' id='word_1_89' title='bbox 1901 1708 2197 1789; x_wconf 86' lang='lat' dir='ltr'><strong>imperan-</strong></span> 
     </span>
    </p>
   </div>
   <div class='ocr_carea' id='block_1_4' title="bbox 151 1802 2196 1886">
    <p class='ocr_par' dir='ltr' id='par_1_9' title="bbox 151 1802 2196 1886">
     <span class='ocr_line' id='line_1_13' title="bbox 151 1802 2196 1886; baseline -0.001 -21"><span class='ocrx_word' id='word_1_90' title='bbox 151 1802 158 1807; x_wconf 81' lang='grc'><strong>’</strong></span> <span class='ocrx_word' id='word_1_91' title='bbox 275 1806 424 1867; x_wconf 87' lang='lat' dir='ltr'><strong>dum</strong></span> <span class='ocrx_word' id='word_1_92' title='bbox 449 1815 645 1877; x_wconf 87' lang='lat' dir='ltr'><strong>natos,</strong></span> <span class='ocrx_word' id='word_1_93' title='bbox 673 1804 896 1866; x_wconf 84' lang='lat' dir='ltr'><strong>nullius</strong></span> <span class='ocrx_word' id='word_1_94' title='bbox 919 1807 1078 1886; x_wconf 74' lang='lat' dir='ltr'><strong>aequi</strong></span> <span class='ocrx_word' id='word_1_95' title='bbox 1108 1806 1268 1885; x_wconf 84' lang='lat' dir='ltr'><strong>juris</strong></span> <span class='ocrx_word' id='word_1_96' title='bbox 1289 1805 1633 1867; x_wconf 74' lang='lat' dir='ltr'><strong>tolerantes.</strong></span> <span class='ocrx_word' id='word_1_97' title='bbox 1716 1804 1921 1875; x_wconf 87' lang='lat' dir='ltr'><strong>Alios,</strong></span> <span class='ocrx_word' id='word_1_98' title='bbox 1954 1805 2083 1865; x_wconf 82' lang='lat' dir='ltr'><strong>sive</strong></span> <span class='ocrx_word' id='word_1_99' title='bbox 2119 1802 2196 1862; x_wconf 88' lang='lat' dir='ltr'><strong>ad</strong></span> 
     </span>
    </p>
   </div>
   <div class='ocr_carea' id='block_1_5' title="bbox 203 1901 2496 4503">
    <p class='ocr_par' dir='ltr' id='par_1_10' title="bbox 265 1901 2201 3029">
     <span class='ocr_line' id='line_1_14' title="bbox 277 1901 2199 1984; baseline 0 -23"><span class='ocrx_word' id='word_1_100' title='bbox 277 1902 542 1981; x_wconf 75' lang='lat' dir='ltr'><strong>regimen</strong></span> <span class='ocrx_word' id='word_1_101' title='bbox 579 1922 794 1974; x_wconf 76' lang='lat' dir='ltr'><strong>rerum,</strong></span> <span class='ocrx_word' id='word_1_102' title='bbox 845 1904 972 1963; x_wconf 85' lang='lat' dir='ltr'><strong>sive</strong></span> <span class='ocrx_word' id='word_1_103' title='bbox 1013 1901 1095 1965; x_wconf 87' lang='lat' dir='ltr'><strong>ad</strong></span> <span class='ocrx_word' id='word_1_104' title='bbox 1133 1903 1482 1983; x_wconf 78' lang='lat' dir='ltr'><strong>obsequium</strong></span> <span class='ocrx_word' id='word_1_105' title='bbox 1521 1912 1831 1973; x_wconf 83' lang='lat' dir='ltr'><strong>vocentur,</strong></span> <span class='ocrx_word' id='word_1_106' title='bbox 1858 1922 2065 1984; x_wconf 83' lang='lat' dir='ltr'><strong>parere</strong></span> <span class='ocrx_word' id='word_1_107' title='bbox 2090 1922 2199 1982; x_wconf 82' lang='lat' dir='ltr'><strong>per</strong></span> 
     </span>
     <span class='ocr_line' id='line_1_15' title="bbox 276 1998 2196 2082; baseline -0.002 -21"><span class='ocrx_word' id='word_1_108' title='bbox 276 2000 443 2061; x_wconf 80' lang='lat' dir='ltr'><strong>vices</strong></span> <span class='ocrx_word' id='word_1_109' title='bbox 477 2009 544 2061; x_wconf 91' lang='lat' dir='ltr'><strong>et</strong></span> <span class='ocrx_word' id='word_1_110' title='bbox 573 2001 864 2082; x_wconf 84' lang='lat' dir='ltr'><strong>imperare</strong></span> <span class='ocrx_word' id='word_1_111' title='bbox 891 2020 1083 2062; x_wconf 85' lang='lat' dir='ltr'><strong>nosse.</strong></span> <span class='ocrx_word' id='word_1_112' title='bbox 1168 2000 1508 2061; x_wconf 82' lang='lat' dir='ltr'><strong>Maximam</strong></span> <span class='ocrx_word' id='word_1_113' title='bbox 1533 2000 1840 2061; x_wconf 86' lang='lat' dir='ltr'><strong>bominum</strong></span> <span class='ocrx_word' id='word_1_114' title='bbox 1864 1998 2196 2061; x_wconf 86' lang='lat' dir='ltr'><strong>multitudi-</strong></span> 
     </span>
     <span class='ocr_line' id='line_1_16' title="bbox 275 2098 2198 2180; baseline 0 -23"><span class='ocrx_word' id='word_1_115' title='bbox 275 2116 412 2157; x_wconf 87' lang='lat' dir='ltr'><strong>nem</strong></span> <span class='ocrx_word' id='word_1_116' title='bbox 456 2098 544 2158; x_wconf 87' lang='lat' dir='ltr'><strong>ita</strong></span> <span class='ocrx_word' id='word_1_117' title='bbox 587 2106 1018 2180; x_wconf 85' lang='lat' dir='ltr'><strong>comparatam,</strong></span> <span class='ocrx_word' id='word_1_118' title='bbox 1055 2107 1125 2159; x_wconf 87' lang='lat' dir='ltr'><strong>ut</strong></span> <span class='ocrx_word' id='word_1_119' title='bbox 1159 2098 1571 2159; x_wconf 86' lang='lat' dir='ltr'><strong>tantummodo</strong></span> <span class='ocrx_word' id='word_1_120' title='bbox 1593 2098 1767 2179; x_wconf 87' lang='lat' dir='ltr'><strong>sequi</strong></span> <span class='ocrx_word' id='word_1_121' title='bbox 1798 2106 1961 2158; x_wconf 83' lang='lat' dir='ltr'><strong>recte</strong></span> <span class='ocrx_word' id='word_1_122' title='bbox 1987 2098 2198 2179; x_wconf 58' lang='lat' dir='ltr'><strong>prasci-</strong></span> 
     </span>
     <span class='ocr_line' id='line_1_17' title="bbox 275 2194 2196 2277; baseline 0.001 -24"><span class='ocrx_word' id='word_1_123' title='bbox 275 2196 530 2275; x_wconf 85' lang='lat' dir='ltr'><strong>pientes,</strong></span> <span class='ocrx_word' id='word_1_124' title='bbox 557 2216 674 2256; x_wconf 86' lang='lat' dir='ltr'><strong>non</strong></span> <span class='ocrx_word' id='word_1_125' title='bbox 699 2196 884 2257; x_wconf 88' lang='lat' dir='ltr'><strong>etiam</strong></span> <span class='ocrx_word' id='word_1_126' title='bbox 909 2216 1162 2277; x_wconf 81' lang='lat' dir='ltr'><strong>praeesse</strong></span> <span class='ocrx_word' id='word_1_127' title='bbox 1187 2196 1470 2276; x_wconf 87' lang='lat' dir='ltr'><strong>cuiquam</strong></span> <span class='ocrx_word' id='word_1_128' title='bbox 1497 2203 1745 2277; x_wconf 84' lang='lat' dir='ltr'><strong>queant.</strong></span> <span class='ocrx_word' id='word_1_129' title='bbox 1812 2194 1890 2257; x_wconf 88' lang='lat' dir='ltr'><strong>In</strong></span> <span class='ocrx_word' id='word_1_130' title='bbox 1912 2196 2029 2255; x_wconf 86' lang='lat' dir='ltr'><strong>hac</strong></span> <span class='ocrx_word' id='word_1_131' title='bbox 2052 2214 2196 2255; x_wconf 85' lang='lat' dir='ltr'><strong>con-</strong></span> 
     </span>
     <span class='ocr_line' id='line_1_18' title="bbox 269 2291 2197 2380; baseline 0 -27"><span class='ocrx_word' id='word_1_132' title='bbox 269 2292 502 2353; x_wconf 81' lang='lat' dir='ltr'><strong>ditione</strong></span> <span class='ocrx_word' id='word_1_133' title='bbox 525 2312 663 2353; x_wconf 88' lang='lat' dir='ltr'><strong>cum</strong></span> <span class='ocrx_word' id='word_1_134' title='bbox 691 2293 1039 2380; x_wconf 79' lang='lat' dir='ltr'><strong>pleramque</strong></span> <span class='ocrx_word' id='word_1_135' title='bbox 1069 2294 1338 2354; x_wconf 80' lang='lat' dir='ltr'><strong>Orientis</strong></span> <span class='ocrx_word' id='word_1_136' title='bbox 1363 2303 1616 2375; x_wconf 82' lang='lat' dir='ltr'><strong>partem,</strong></span> <span class='ocrx_word' id='word_1_137' title='bbox 1660 2301 1789 2353; x_wconf 88' lang='lat' dir='ltr'><strong>tum</strong></span> <span class='ocrx_word' id='word_1_138' title='bbox 1819 2293 2002 2353; x_wconf 91' lang='lat' dir='ltr'><strong>etiam</strong></span> <span class='ocrx_word' id='word_1_139' title='bbox 2031 2291 2197 2374; x_wconf 87' lang='lat' dir='ltr'><strong>Cap-</strong></span> 
     </span>
     <span class='ocr_line' id='line_1_19' title="bbox 275 2388 2201 2471; baseline 0 -22"><span class='ocrx_word' id='word_1_140' title='bbox 275 2388 576 2471; x_wconf 86' lang='lat' dir='ltr'><strong>padocum</strong></span> <span class='ocrx_word' id='word_1_141' title='bbox 601 2409 788 2469; x_wconf 81' lang='lat' dir='ltr'><strong>genus</strong></span> <span class='ocrx_word' id='word_1_142' title='bbox 811 2410 960 2452; x_wconf 85' lang='lat' dir='ltr'><strong>esse.</strong></span> <span class='ocrx_word' id='word_1_143' title='bbox 1045 2389 1246 2451; x_wconf 87' lang='lat' dir='ltr'><strong>Raros</strong></span> <span class='ocrx_word' id='word_1_144' title='bbox 1271 2390 1332 2450; x_wconf 86' lang='lat' dir='ltr'><strong>in</strong></span> <span class='ocrx_word' id='word_1_145' title='bbox 1357 2409 1435 2451; x_wconf 89' lang='lat' dir='ltr'><strong>ea</strong></span> <span class='ocrx_word' id='word_1_146' title='bbox 1453 2397 1629 2469; x_wconf 81' lang='lat' dir='ltr'><strong>gente</strong></span> <span class='ocrx_word' id='word_1_147' title='bbox 1652 2390 1811 2451; x_wconf 79' lang='lat' dir='ltr'><strong>viros</strong></span> <span class='ocrx_word' id='word_1_148' title='bbox 1834 2388 2201 2449; x_wconf 80' lang='lat' dir='ltr'><strong>excellentes</strong></span> 
     </span>
     <span class='ocr_line' id='line_1_20' title="bbox 273 2486 2197 2567; baseline 0.001 -22"><span class='ocrx_word' id='word_1_149' title='bbox 273 2494 338 2545; x_wconf 90' lang='lat' dir='ltr'><strong>et</strong></span> <span class='ocrx_word' id='word_1_150' title='bbox 361 2486 614 2567; x_wconf 82' lang='lat' dir='ltr'><strong>imperio</strong></span> <span class='ocrx_word' id='word_1_151' title='bbox 636 2486 850 2565; x_wconf 79' lang='lat' dir='ltr'><strong>dignos</strong></span> <span class='ocrx_word' id='word_1_152' title='bbox 883 2486 1072 2549; x_wconf 84' lang='lat' dir='ltr'><strong>nasci.</strong></span> <span class='ocrx_word' id='word_1_153' title='bbox 1174 2486 1240 2548; x_wconf 87' lang='lat' dir='ltr'><strong>Si</strong></span> <span class='ocrx_word' id='word_1_154' title='bbox 1276 2486 1522 2549; x_wconf 87' lang='lat' dir='ltr'><strong>libertas</strong></span> <span class='ocrx_word' id='word_1_155' title='bbox 1555 2488 1657 2558; x_wconf 86' lang='lat' dir='ltr'><strong>sit,</strong></span> <span class='ocrx_word' id='word_1_156' title='bbox 1682 2506 1945 2547; x_wconf 84' lang='lat' dir='ltr'><strong>summos</strong></span> <span class='ocrx_word' id='word_1_157' title='bbox 1978 2486 2197 2565; x_wconf 70' lang='lat' dir='ltr'><strong>magis-</strong></span> 
     </span>
     <span class='ocr_line' id='line_1_21' title="bbox 269 2584 2198 2665; baseline 0.001 -21"><span class='ocrx_word' id='word_1_158' title='bbox 269 2592 470 2644; x_wconf 84' lang='lat' dir='ltr'><strong>tratus</strong></span> <span class='ocrx_word' id='word_1_159' title='bbox 505 2604 908 2665; x_wconf 66' lang='lat' dir='ltr'><strong>saepenumero</strong></span> <span class='ocrx_word' id='word_1_160' title='bbox 935 2594 1320 2665; x_wconf 83' lang='lat' dir='ltr'><strong>perventuros</strong></span> <span class='ocrx_word' id='word_1_161' title='bbox 1353 2584 1434 2647; x_wconf 90' lang='lat' dir='ltr'><strong>ad</strong></span> <span class='ocrx_word' id='word_1_162' title='bbox 1473 2606 1609 2645; x_wconf 89' lang='lat' dir='ltr'><strong>eam</strong></span> <span class='ocrx_word' id='word_1_163' title='bbox 1646 2586 1949 2647; x_wconf 87' lang='lat' dir='ltr'><strong>bominum</strong></span> <span class='ocrx_word' id='word_1_164' title='bbox 1980 2595 2198 2647; x_wconf 86' lang='lat' dir='ltr'><strong>sortem</strong></span> 
     </span>
     <span class='ocr_line' id='line_1_22' title="bbox 265 2680 2198 2763; baseline 0 -22"><span class='ocrx_word' id='word_1_165' title='bbox 265 2700 433 2752; x_wconf 82' lang='lat' dir='ltr'><strong>esse,</strong></span> <span class='ocrx_word' id='word_1_166' title='bbox 458 2682 565 2761; x_wconf 89' lang='lat' dir='ltr'><strong>qui</strong></span> <span class='ocrx_word' id='word_1_167' title='bbox 592 2701 666 2741; x_wconf 83' lang='lat' dir='ltr'><strong>ne</strong></span> <span class='ocrx_word' id='word_1_168' title='bbox 691 2681 808 2741; x_wconf 88' lang='lat' dir='ltr'><strong>sibi</strong></span> <span class='ocrx_word' id='word_1_169' title='bbox 831 2681 1076 2761; x_wconf 88' lang='lat' dir='ltr'><strong>quidem</strong></span> <span class='ocrx_word' id='word_1_170' title='bbox 1101 2682 1408 2744; x_wconf 86' lang='lat' dir='ltr'><strong>consulere</strong></span> <span class='ocrx_word' id='word_1_171' title='bbox 1435 2684 1682 2763; x_wconf 82' lang='lat' dir='ltr'><strong>possint,</strong></span> <span class='ocrx_word' id='word_1_172' title='bbox 1710 2680 1929 2743; x_wconf 87' lang='lat' dir='ltr'><strong>nedum</strong></span> <span class='ocrx_word' id='word_1_173' title='bbox 1954 2692 2021 2743; x_wconf 92' lang='lat' dir='ltr'><strong>ut</strong></span> <span class='ocrx_word' id='word_1_174' title='bbox 2046 2684 2198 2763; x_wconf 88' lang='lat' dir='ltr'><strong>pub—</strong></span> 
     </span>
     <span class='ocr_line' id='line_1_23' title="bbox 273 2776 2199 2860; baseline 0.002 -25"><span class='ocrx_word' id='word_1_175' title='bbox 273 2777 412 2839; x_wconf 77' lang='lat' dir='ltr'><strong>licae</strong></span> <span class='ocrx_word' id='word_1_176' title='bbox 453 2776 832 2837; x_wconf 78' lang='lat' dir='ltr'><strong>consulerent</strong></span> <span class='ocrx_word' id='word_1_177' title='bbox 871 2778 977 2838; x_wconf 87' lang='lat' dir='ltr'><strong>rei.</strong></span> <span class='ocrx_word' id='word_1_178' title='bbox 1065 2776 1220 2840; x_wconf 90' lang='lat' dir='ltr'><strong>Inde</strong></span> <span class='ocrx_word' id='word_1_179' title='bbox 1251 2778 1398 2840; x_wconf 84' lang='lat' dir='ltr'><strong>nihil</strong></span> <span class='ocrx_word' id='word_1_180' title='bbox 1424 2800 1490 2840; x_wconf 86' lang='lat' dir='ltr'><strong>se</strong></span> <span class='ocrx_word' id='word_1_181' title='bbox 1517 2788 1733 2860; x_wconf 69' lang='lat' dir='ltr'><strong>praeter</strong></span> <span class='ocrx_word' id='word_1_182' title='bbox 1756 2779 2199 2840; x_wconf 88' lang='lat' dir='ltr'><strong>incommodum</strong></span> 
     </span>
     <span class='ocr_line' id='line_1_24' title="bbox 277 2872 2197 2958; baseline 0.002 -26"><span class='ocrx_word' id='word_1_183' title='bbox 277 2872 664 2953; x_wconf 75' lang='lat' dir='ltr'><strong>dedecusque</strong></span> <span class='ocrx_word' id='word_1_184' title='bbox 711 2874 926 2953; x_wconf 81' lang='lat' dir='ltr'><strong>gentis,</strong></span> <span class='ocrx_word' id='word_1_185' title='bbox 970 2883 1036 2934; x_wconf 88' lang='lat' dir='ltr'><strong>et</strong></span> <span class='ocrx_word' id='word_1_186' title='bbox 1077 2876 1340 2936; x_wconf 86' lang='lat' dir='ltr'><strong>internas</strong></span> <span class='ocrx_word' id='word_1_187' title='bbox 1379 2884 1707 2958; x_wconf 80' lang='lat' dir='ltr'><strong>expectare</strong></span> <span class='ocrx_word' id='word_1_188' title='bbox 1751 2896 1921 2957; x_wconf 88' lang='lat' dir='ltr'><strong>posse</strong></span> <span class='ocrx_word' id='word_1_189' title='bbox 1970 2876 2197 2938; x_wconf 81' lang='lat' dir='ltr'><strong>discor-</strong></span> 
     </span>
     <span class='ocr_line' id='line_1_25' title="bbox 271 2968 608 3029; baseline 0 0"><span class='ocrx_word' id='word_1_190' title='bbox 271 2968 434 3029; x_wconf 87' lang='lat' dir='ltr'><strong>dias.</strong></span> <span class='ocrx_word' id='word_1_191' title='bbox 592 2984 608 3003; x_wconf 86' lang='lat'><strong>·</strong></span> 
     </span>
    </p>

    <p class='ocr_par' dir='ltr' id='par_1_11' title="bbox 203 3064 2496 4115">
     <span class='ocr_line' id='line_1_26' title="bbox 357 3064 2196 3150; baseline 0.003 -24"><span class='ocrx_word' id='word_1_192' title='bbox 357 3072 460 3129; x_wconf 77' lang='lat'><strong>47.</strong></span> <span class='ocrx_word' id='word_1_193' title='bbox 507 3074 526 3101; x_wconf 88' lang='lat'>‘</span> <span class='ocrx_word' id='word_1_194' title='bbox 559 3064 634 3125; x_wconf 91' lang='lat' dir='ltr'><strong>In</strong></span> <span class='ocrx_word' id='word_1_195' title='bbox 665 3067 888 3147; x_wconf 86' lang='lat' dir='ltr'><strong>populo</strong></span> <span class='ocrx_word' id='word_1_196' title='bbox 917 3066 1200 3129; x_wconf 83' lang='lat' dir='ltr'><strong>Romano</strong></span> <span class='ocrx_word' id='word_1_197' title='bbox 1225 3067 1446 3129; x_wconf 87' lang='lat' dir='ltr'><strong>multos</strong></span> <span class='ocrx_word' id='word_1_198' title='bbox 1479 3088 1610 3129; x_wconf 83' lang='lat' dir='ltr'><strong>esse</strong></span> <span class='ocrx_word' id='word_1_199' title='bbox 1652 3071 1955 3150; x_wconf 75' lang='lat' dir='ltr'><strong>proestanti</strong></span> <span class='ocrx_word' id='word_1_200' title='bbox 1978 3070 2196 3131; x_wconf 77' lang='lat' dir='ltr'><strong>virtute</strong></span> 
     </span>
     <span class='ocr_line' id='line_1_27' title="bbox 203 3162 2195 3245; baseline 0.003 -23"><span class='ocrx_word' id='word_1_201' title='bbox 203 3202 218 3211; x_wconf 83' lang='lat'>-</span> <span class='ocrx_word' id='word_1_202' title='bbox 269 3172 340 3223; x_wconf 88' lang='lat' dir='ltr'><strong>et</strong></span> <span class='ocrx_word' id='word_1_203' title='bbox 379 3162 784 3223; x_wconf 86' lang='lat' dir='ltr'><strong>moderatione</strong></span> <span class='ocrx_word' id='word_1_204' title='bbox 829 3164 1009 3235; x_wconf 80' lang='lat' dir='ltr'><strong>viros,</strong></span> <span class='ocrx_word' id='word_1_205' title='bbox 1052 3165 1154 3243; x_wconf 91' lang='lat' dir='ltr'><strong>qui</strong></span> <span class='ocrx_word' id='word_1_206' title='bbox 1197 3164 1308 3224; x_wconf 78' lang='lat' dir='ltr'><strong>ricc</strong></span> <span class='ocrx_word' id='word_1_207' title='bbox 1343 3185 1410 3225; x_wconf 86' lang='lat' dir='ltr'><strong>se</strong></span> <span class='ocrx_word' id='word_1_208' title='bbox 1455 3164 1733 3245; x_wconf 79' lang='lat' dir='ltr'><strong>indignos</strong></span> <span class='ocrx_word' id='word_1_209' title='bbox 1767 3167 2015 3245; x_wconf 86' lang='lat' dir='ltr'><strong>imperio</strong></span> <span class='ocrx_word' id='word_1_210' title='bbox 2053 3186 2195 3227; x_wconf 85' lang='lat' dir='ltr'><strong>cen-</strong></span> 
     </span>
     <span class='ocr_line' id='line_1_28' title="bbox 267 3258 2193 3342; baseline 0.002 -22"><span class='ocrx_word' id='word_1_211' title='bbox 267 3268 472 3330; x_wconf 81' lang='lat' dir='ltr'><strong>seant,</strong></span> <span class='ocrx_word' id='word_1_212' title='bbox 501 3279 610 3320; x_wconf 86' lang='lat' dir='ltr'><strong>nec</strong></span> <span class='ocrx_word' id='word_1_213' title='bbox 639 3258 776 3319; x_wconf 87' lang='lat' dir='ltr'><strong>aliis</strong></span> <span class='ocrx_word' id='word_1_214' title='bbox 807 3260 922 3319; x_wconf 85' lang='lat' dir='ltr'><strong>sibi</strong></span> <span class='ocrx_word' id='word_1_215' title='bbox 949 3259 1242 3320; x_wconf 75' lang='lat' dir='ltr'><strong>similibus</strong></span> <span class='ocrx_word' id='word_1_216' title='bbox 1263 3260 1430 3322; x_wconf 86' lang='lat' dir='ltr'><strong>dicto</strong></span> <span class='ocrx_word' id='word_1_217' title='bbox 1456 3262 1769 3323; x_wconf 73' lang='lat' dir='ltr'><strong>audientes</strong></span> <span class='ocrx_word' id='word_1_218' title='bbox 1790 3284 1919 3323; x_wconf 77' lang='lat' dir='ltr'><strong>esse</strong></span> <span class='ocrx_word' id='word_1_219' title='bbox 1942 3284 2193 3342; x_wconf 80' lang='lat' dir='ltr'><strong>graven-</strong></span> 
     </span>
     <span class='ocr_line' id='line_1_29' title="bbox 267 3354 2496 3446; baseline 0.001 -29"><span class='ocrx_word' id='word_1_220' title='bbox 267 3366 392 3417; x_wconf 84' lang='lat' dir='ltr'><strong>tur.</strong></span> <span class='ocrx_word' id='word_1_221' title='bbox 477 3354 610 3417; x_wconf 84' lang='lat' dir='ltr'><strong>Sibi</strong></span> <span class='ocrx_word' id='word_1_222' title='bbox 655 3364 778 3415; x_wconf 89' lang='lat' dir='ltr'><strong>tam</strong></span> <span class='ocrx_word' id='word_1_223' title='bbox 825 3355 1100 3416; x_wconf 82' lang='lat' dir='ltr'><strong>felicibus</strong></span> <span class='ocrx_word' id='word_1_224' title='bbox 1139 3376 1265 3417; x_wconf 85' lang='lat' dir='ltr'><strong>esse</strong></span> <span class='ocrx_word' id='word_1_225' title='bbox 1307 3375 1426 3417; x_wconf 85' lang='lat' dir='ltr'><strong>non</strong></span> <span class='ocrx_word' id='word_1_226' title='bbox 1473 3358 1675 3437; x_wconf 74' lang='lat' dir='ltr'><strong>licere.</strong></span> <span class='ocrx_word' id='word_1_227' title='bbox 1760 3359 2193 3441; x_wconf 81' lang='lat' dir='ltr'><strong>Cappadocum</strong></span> <span class='ocrx_word' id='word_1_228' title='bbox 2248 3381 2357 3431; x_wconf 83' lang='lat' dir='ltr'><strong>cic.</strong></span> <span class='ocrx_word' id='word_1_229' title='bbox 2381 3390 2496 3446; x_wconf 61' lang='lat' dir='ltr'><strong>1²⁰st</strong></span> 
     </span>
     <span class='ocr_line' id='line_1_30' title="bbox 269 3446 2456 3564; baseline 0.003 -51"><span class='ocrx_word' id='word_1_230' title='bbox 269 3452 538 3532; x_wconf 84' lang='lat' dir='ltr'><strong>ingenia,</strong></span> <span class='ocrx_word' id='word_1_231' title='bbox 579 3452 754 3513; x_wconf 85' lang='lat' dir='ltr'><strong>nimis</strong></span> <span class='ocrx_word' id='word_1_232' title='bbox 793 3453 1010 3513; x_wconf 86' lang='lat' dir='ltr'><strong>acerbe</strong></span> <span class='ocrx_word' id='word_1_233' title='bbox 1055 3452 1342 3526; x_wconf 70' lang='lat' dir='ltr'><strong>fortassis,</strong></span> <span class='ocrx_word' id='word_1_234' title='bbox 1389 3474 1507 3515; x_wconf 87' lang='lat' dir='ltr'><strong>non</strong></span> <span class='ocrx_word' id='word_1_235' title='bbox 1552 3464 1755 3517; x_wconf 84' lang='lat' dir='ltr'><strong>tamen</strong></span> <span class='ocrx_word' id='word_1_236' title='bbox 1797 3477 2033 3537; x_wconf 83' lang='lat' dir='ltr'><strong>prorsus</strong></span> <span class='ocrx_word' id='word_1_237' title='bbox 2070 3457 2195 3519; x_wconf 89' lang='lat' dir='ltr'><strong>sine</strong></span> <span class='ocrx_word' id='word_1_238' title='bbox 2218 3446 2389 3564; x_wconf 48' lang='grc' dir='ltr'><strong>8ξὲῙὲ</strong></span> <span class='ocrx_word' id='word_1_239' title='bbox 2405 3448 2456 3563; x_wconf 61' lang='lat'><strong>⁵3</strong></span> 
     </span>
     <span class='ocr_line' id='line_1_31' title="bbox 267 3544 2470 3635; baseline 0.003 -25"><span class='ocrx_word' id='word_1_240' title='bbox 267 3569 464 3611; x_wconf 83' lang='lat' dir='ltr'><strong>causa</strong></span> <span class='ocrx_word' id='word_1_241' title='bbox 505 3549 842 3627; x_wconf 75' lang='lat' dir='ltr'><strong>(fatendum</strong></span> <span class='ocrx_word' id='word_1_242' title='bbox 881 3551 1042 3613; x_wconf 87' lang='lat' dir='ltr'><strong>enim</strong></span> <span class='ocrx_word' id='word_1_243' title='bbox 1078 3555 1234 3630; x_wconf 85' lang='lat' dir='ltr'><strong>esse)</strong></span> <span class='ocrx_word' id='word_1_244' title='bbox 1279 3552 1725 3633; x_wconf 80' lang='lat' dir='ltr'><strong>proverbiorum</strong></span> <span class='ocrx_word' id='word_1_245' title='bbox 1750 3556 2197 3635; x_wconf 76' lang='lat' dir='ltr'><strong>carminumque</strong></span> <span class='ocrx_word' id='word_1_246' title='bbox 2380 3544 2397 3561; x_wconf 68' lang='lat'><strong>⁶</strong></span> <span class='ocrx_word' id='word_1_247' title='bbox 2454 3548 2470 3565; x_wconf 82' lang='grc'><strong>”</strong></span> 
     </span>
     <span class='ocr_line' id='line_1_32' title="bbox 209 3645 2199 3730; baseline 0.002 -23"><span class='ocrx_word' id='word_1_248' title='bbox 209 3660 212 3663; x_wconf 83' lang='grc'><strong><em>’</em></strong></span> <span class='ocrx_word' id='word_1_249' title='bbox 269 3645 675 3707; x_wconf 75' lang='lat' dir='ltr'><strong>mordacitate</strong></span> <span class='ocrx_word' id='word_1_250' title='bbox 715 3648 1052 3728; x_wconf 77' lang='lat' dir='ltr'><strong>perstringi.</strong></span> <span class='ocrx_word' id='word_1_251' title='bbox 1135 3647 1448 3729; x_wconf 84' lang='lat' dir='ltr'><strong>Quicquid</strong></span> <span class='ocrx_word' id='word_1_252' title='bbox 1487 3650 1586 3722; x_wconf 89' lang='lat' dir='ltr'><strong>sit,</strong></span> <span class='ocrx_word' id='word_1_253' title='bbox 1630 3651 1710 3711; x_wconf 85' lang='lat' dir='ltr'><strong>ab</strong></span> <span class='ocrx_word' id='word_1_254' title='bbox 1752 3650 1968 3712; x_wconf 90' lang='lat' dir='ltr'><strong>ultima</strong></span> <span class='ocrx_word' id='word_1_255' title='bbox 2004 3652 2199 3730; x_wconf 75' lang='lat' dir='ltr'><strong>gentis</strong></span> 
     </span>
     <span class='ocr_line' id='line_1_33' title="bbox 270 3742 2199 3825; baseline 0.001 -20"><span class='ocrx_word' id='word_1_256' title='bbox 270 3743 506 3822; x_wconf 77' lang='lat' dir='ltr'><strong>origine</strong></span> <span class='ocrx_word' id='word_1_257' title='bbox 551 3743 792 3822; x_wconf 83' lang='lat' dir='ltr'><strong>regibus</strong></span> <span class='ocrx_word' id='word_1_258' title='bbox 831 3744 1098 3825; x_wconf 84' lang='lat' dir='ltr'><strong>paruisse</strong></span> <span class='ocrx_word' id='word_1_259' title='bbox 1127 3742 1578 3825; x_wconf 80' lang='lat' dir='ltr'><strong>Cappadociam</strong></span> <span class='ocrx_word' id='word_1_260' title='bbox 1607 3755 1902 3809; x_wconf 82' lang='lat' dir='ltr'><strong>constare.</strong></span> <span class='ocrx_word' id='word_1_261' title='bbox 1987 3746 2132 3808; x_wconf 88' lang='lat' dir='ltr'><strong>Nec</strong></span> <span class='ocrx_word' id='word_1_262' title='bbox 2158 3768 2199 3807; x_wconf 89' lang='lat' dir='ltr'><strong>a</strong></span> 
     </span>
     <span class='ocr_line' id='line_1_34' title="bbox 269 3839 2196 3920; baseline 0.003 -21"><span class='ocrx_word' id='word_1_263' title='bbox 269 3849 404 3899; x_wconf 85' lang='lat' dir='ltr'><strong>tam</strong></span> <span class='ocrx_word' id='word_1_264' title='bbox 427 3840 680 3901; x_wconf 77' lang='lat' dir='ltr'><strong>vetustis</strong></span> <span class='ocrx_word' id='word_1_265' title='bbox 700 3840 984 3899; x_wconf 84' lang='lat' dir='ltr'><strong>institutis</strong></span> <span class='ocrx_word' id='word_1_266' title='bbox 1004 3860 1133 3901; x_wconf 85' lang='lat' dir='ltr'><strong>esse</strong></span> <span class='ocrx_word' id='word_1_267' title='bbox 1158 3839 1240 3900; x_wconf 87' lang='lat' dir='ltr'><strong>ad</strong></span> <span class='ocrx_word' id='word_1_268' title='bbox 1259 3839 1434 3920; x_wconf 73' lang='lat' dir='ltr'><strong>longe</strong></span> <span class='ocrx_word' id='word_1_269' title='bbox 1449 3840 1689 3903; x_wconf 80' lang='lat' dir='ltr'><strong>diversa</strong></span> <span class='ocrx_word' id='word_1_270' title='bbox 1710 3862 1981 3902; x_wconf 83' lang='lat' dir='ltr'><strong>securum</strong></span> <span class='ocrx_word' id='word_1_271' title='bbox 2006 3852 2196 3905; x_wconf 83' lang='lat' dir='ltr'><strong>trans·</strong></span> 
     </span>
     <span class='ocr_line' id='line_1_35' title="bbox 269 3935 2197 4020; baseline 0.003 -23"><span class='ocrx_word' id='word_1_272' title='bbox 269 3937 453 4007; x_wconf 79' lang='lat' dir='ltr'><strong>itum,</strong></span> <span class='ocrx_word' id='word_1_273' title='bbox 503 3937 823 4017; x_wconf 79' lang='lat' dir='ltr'><strong>praesertim</strong></span> <span class='ocrx_word' id='word_1_274' title='bbox 885 3936 988 3996; x_wconf 88' lang='lat' dir='ltr'><strong>ubi</strong></span> <span class='ocrx_word' id='word_1_275' title='bbox 1033 3935 1206 3996; x_wconf 88' lang='lat' dir='ltr'><strong>nulla</strong></span> <span class='ocrx_word' id='word_1_276' title='bbox 1253 3956 1472 4016; x_wconf 75' lang='lat' dir='ltr'><strong>magna</strong></span> <span class='ocrx_word' id='word_1_277' title='bbox 1517 3938 1897 4017; x_wconf 84' lang='lat' dir='ltr'><strong>incommoda</strong></span> <span class='ocrx_word' id='word_1_278' title='bbox 1937 3940 2197 4020; x_wconf 81' lang='lat' dir='ltr'><strong>priorum</strong></span> 
     </span>
     <span class='ocr_line' id='line_1_36' title="bbox 269 4031 1606 4115; baseline 0.001 -22"><span class='ocrx_word' id='word_1_279' title='bbox 269 4043 552 4115; x_wconf 86' lang='lat' dir='ltr'><strong>tempora</strong></span> <span class='ocrx_word' id='word_1_280' title='bbox 584 4032 833 4093; x_wconf 82' lang='lat' dir='ltr'><strong>infamia</strong></span> <span class='ocrx_word' id='word_1_281' title='bbox 871 4040 978 4093; x_wconf 88' lang='lat' dir='ltr'><strong>aut</strong></span> <span class='ocrx_word' id='word_1_282' title='bbox 1011 4031 1220 4093; x_wconf 88' lang='lat' dir='ltr'><strong>odiosa</strong></span> <span class='ocrx_word' id='word_1_283' title='bbox 1258 4032 1606 4095; x_wconf 84' lang='lat' dir='ltr'><strong>effecerunt.</strong></span> 
     </span>
    </p>

    <p class='ocr_par' dir='ltr' id='par_1_12' title="bbox 267 4128 2197 4503">
     <span class='ocr_line' id='line_1_37' title="bbox 353 4128 2197 4210; baseline 0.001 -20"><span class='ocrx_word' id='word_1_284' title='bbox 353 4136 460 4190; x_wconf 81' lang='lat'><strong>48.</strong></span> <span class='ocrx_word' id='word_1_285' title='bbox 505 4139 524 4166; x_wconf 89' lang='lat'>‘</span> <span class='ocrx_word' id='word_1_286' title='bbox 557 4128 780 4209; x_wconf 88' lang='lat' dir='ltr'><strong>Neque</strong></span> <span class='ocrx_word' id='word_1_287' title='bbox 807 4136 917 4188; x_wconf 87' lang='lat' dir='ltr'><strong>aut</strong></span> <span class='ocrx_word' id='word_1_288' title='bbox 940 4148 1148 4210; x_wconf 83' lang='lat' dir='ltr'><strong>pamm</strong></span> <span class='ocrx_word' id='word_1_289' title='bbox 1174 4130 1330 4207; x_wconf 77' lang='lat' dir='ltr'><strong>grati</strong></span> <span class='ocrx_word' id='word_1_290' title='bbox 1357 4130 1564 4201; x_wconf 79' lang='lat' dir='ltr'><strong>animi,</strong></span> <span class='ocrx_word' id='word_1_291' title='bbox 1591 4138 1699 4191; x_wconf 90' lang='lat' dir='ltr'><strong>aut</strong></span> <span class='ocrx_word' id='word_1_292' title='bbox 1740 4130 1915 4191; x_wconf 86' lang='lat' dir='ltr'><strong>nimis</strong></span> <span class='ocrx_word' id='word_1_293' title='bbox 1954 4130 2197 4192; x_wconf 84' lang='lat' dir='ltr'><strong>absurdi</strong></span> 
     </span>
     <span class='ocr_line' id='line_1_38' title="bbox 267 4224 2195 4308; baseline -0.001 -21"><span class='ocrx_word' id='word_1_294' title='bbox 267 4224 552 4287; x_wconf 85' lang='lat' dir='ltr'><strong>damnari</strong></span> <span class='ocrx_word' id='word_1_295' title='bbox 587 4246 651 4285; x_wconf 84' lang='lat' dir='ltr'><strong>se</strong></span> <span class='ocrx_word' id='word_1_296' title='bbox 691 4234 988 4307; x_wconf 82' lang='lat' dir='ltr'><strong>oportere,</strong></span> <span class='ocrx_word' id='word_1_297' title='bbox 1023 4227 1074 4285; x_wconf 85' lang='lat' dir='ltr'><strong>si</strong></span> <span class='ocrx_word' id='word_1_298' title='bbox 1108 4225 1379 4289; x_wconf 85' lang='lat' dir='ltr'><strong>oblatum</strong></span> <span class='ocrx_word' id='word_1_299' title='bbox 1407 4246 1446 4287; x_wconf 91' lang='lat' dir='ltr'><strong>a</strong></span> <span class='ocrx_word' id='word_1_300' title='bbox 1471 4226 1767 4289; x_wconf 83' lang='lat' dir='ltr'><strong>Romanis</strong></span> <span class='ocrx_word' id='word_1_301' title='bbox 1792 4247 1929 4289; x_wconf 85' lang='lat' dir='ltr'><strong>eum</strong></span> <span class='ocrx_word' id='word_1_302' title='bbox 1956 4228 2195 4308; x_wconf 87' lang='lat' dir='ltr'><strong>reipub-</strong></span> 
     </span>
     <span class='ocr_line' id='line_1_39' title="bbox 273 4322 2197 4404; baseline 0.001 -23"><span class='ocrx_word' id='word_1_303' title='bbox 273 4322 417 4382; x_wconf 82' lang='lat' dir='ltr'><strong>licae</strong></span> <span class='ocrx_word' id='word_1_304' title='bbox 459 4330 684 4382; x_wconf 88' lang='lat' dir='ltr'><strong>statum</strong></span> <span class='ocrx_word' id='word_1_305' title='bbox 721 4324 1009 4394; x_wconf 86' lang='lat' dir='ltr'><strong>abnuant,</strong></span> <span class='ocrx_word' id='word_1_306' title='bbox 1035 4343 1158 4402; x_wconf 87' lang='lat' dir='ltr'><strong>quo</strong></span> <span class='ocrx_word' id='word_1_307' title='bbox 1185 4323 1294 4404; x_wconf 89' lang='lat' dir='ltr'><strong>ipsi</strong></span> <span class='ocrx_word' id='word_1_308' title='bbox 1323 4323 1555 4403; x_wconf 86' lang='lat' dir='ltr'><strong>patroni</strong></span> <span class='ocrx_word' id='word_1_309' title='bbox 1581 4332 1907 4385; x_wconf 85' lang='lat' dir='ltr'><strong>uterentur.</strong></span> <span class='ocrx_word' id='word_1_310' title='bbox 1992 4323 2197 4383; x_wconf 88' lang='lat' dir='ltr'><strong>Etiam</strong></span> 
     </span>
     <span class='ocr_line' id='line_1_40' title="bbox 277 4418 2196 4503; baseline 0.001 -24"><span class='ocrx_word' id='word_1_311' title='bbox 277 4418 424 4479; x_wconf 84' lang='lat' dir='ltr'><strong>Diis</strong></span> <span class='ocrx_word' id='word_1_312' title='bbox 469 4418 903 4480; x_wconf 85' lang='lat' dir='ltr'><strong>immortalibus</strong></span> <span class='ocrx_word' id='word_1_313' title='bbox 937 4420 1082 4481; x_wconf 88' lang='lat' dir='ltr'><strong>nibil</strong></span> <span class='ocrx_word' id='word_1_314' title='bbox 1129 4429 1255 4483; x_wconf 83' lang='lat' dir='ltr'><strong>tam</strong></span> <span class='ocrx_word' id='word_1_315' title='bbox 1298 4420 1586 4483; x_wconf 86' lang='lat' dir='ltr'><strong>eximium</strong></span> <span class='ocrx_word' id='word_1_316' title='bbox 1632 4430 1735 4483; x_wconf 80' lang='lat' dir='ltr'><strong>aut</strong></span> <span class='ocrx_word' id='word_1_317' title='bbox 1772 4420 1971 4495; x_wconf 88' lang='lat' dir='ltr'><strong>dulce,</strong></span> <span class='ocrx_word' id='word_1_318' title='bbox 2014 4442 2196 4503; x_wconf 91' lang='lat' dir='ltr'><strong>quam</strong></span> 
     </span>
    </p>
   </div>
   <div class='ocr_carea' id='block_1_6' title="bbox 410 4532 2395 4597">
    <p class='ocr_par' dir='ltr' id='par_1_13' title="bbox 410 4532 2395 4597">
     <span class='ocr_line' id='line_1_41' title="bbox 410 4532 2395 4597; baseline 0.002 -14"><span class='ocrx_word' id='word_1_319' title='bbox 410 4532 586 4597; x_wconf 70' lang='lat' dir='ltr'><strong>Delph.</strong></span> <span class='ocrx_word' id='word_1_320' title='bbox 609 4540 657 4583; x_wconf 70' lang='lat' dir='ltr'><strong>et</strong></span> <span class='ocrx_word' id='word_1_321' title='bbox 687 4532 800 4584; x_wconf 69' lang='lat' dir='ltr'><strong>Ver.</strong></span> <span class='ocrx_word' id='word_1_322' title='bbox 828 4534 959 4583; x_wconf 73' lang='lat' dir='ltr'><strong>Clas.</strong></span> <span class='ocrx_word' id='word_1_323' title='bbox 1313 4533 1498 4585; x_wconf 70' lang='lat' dir='ltr'><strong>Livius.</strong></span> <span class='ocrx_word' id='word_1_324' title='bbox 2250 4540 2313 4586; x_wconf 74' lang='lat'><strong>1³</strong></span> <span class='ocrx_word' id='word_1_325' title='bbox 2348 4536 2395 4586; x_wconf 83' lang='lat' dir='ltr'><strong>E</strong></span> 
     </span>
    </p>
   </div>
  </div>
 </body>
</html>
