3225 5242
702 544 882 619 ⁴¹7⁴

711 1769 746 1819 J
751 1772 896 1825 nstin.

1664 558 1735 609 T.
1782 556 1973 608 uvu

1031 704 1358 789 patriaeque
1385 702 1647 781 genium,
1666 698 1995 781 Hyrcanius
2016 699 2176 760 enim
2200 708 2333 759 erat
2350 698 2613 769 natione,
2631 698 2945 759 Parth'mae

1029 800 1214 861 etiam
1232 798 1602 861 educationis
1615 799 1770 860 vitia
1794 796 1899 877 adj
1906 797 2189 868 unxisset,
2206 804 2391 857 tantae
2410 796 2789 857 crudelitatis
2804 796 2945 869 fuit,

1033 906 1102 957 ut
1123 898 1384 957 omnium
1405 898 1510 977 qui
1533 916 1785 977 usquam
1808 894 2049 955 fuerunt
2072 901 2461 975 tyrannorum
2482 894 2831 975 mpergredi
2856 893 2945 953 fe·

1033 994 1268 1055 ritatem
1291 994 1610 1055 videretur.
1696 992 1921 1075 Neque
1944 992 2101 1053 enim
2126 1002 2235 1053 aut
2270 992 2666 1064 occasionem,
2708 1000 2823 1054 aut
2846 1010 2948 1070 ge-

1035 1110 1145 1151 nus
1163 1090 1349 1152 ullum
1373 1092 1618 1153 soevitiae
1644 1090 2171 1173 pretermittebat.
2154 1107 2171 1125 ·
2212 1089 2547 1171 multosque
2566 1089 2949 1171 Babylo-io-

1036 1210 1187 1259 rum,
1211 1190 1293 1249 ob
1317 1188 1482 1251 leves
1500 1189 1847 1271 plerumque
1865 1208 2099 1259 causas,
2124 1206 2263 1249 cum
2288 1188 2449 1248 omni
2474 1186 2751 1250 familia
2734 1208 2799 1247 ιιι
2828 1209 2952 1247 ser-

1035 1288 1286 1348 vitutem
1321 1286 1574 1365 redegit,
1613 1286 1891 1367 misitque
1930 1286 1991 1347 in
2038 1284 2333 1357 Mediam,
2376 1294 2447 1345 ut
2490 1286 2597 1367 pro
2630 1288 2955 1368 mancipiis

1035 1384 1324 1445 venirent.
1397 1380 1505 1444 Ne
1529 1382 1923 1443 monumentis
1946 1380 2187 1463 quidem
2212 1380 2603 1462 adificiisque
2630 1381 2731 1443 vel
2760 1384 2957 1445 sacris

1035 1480 1132 1541 vel
1159 1480 1420 1563 profanis
1443 1479 1751 1563 pepercit·
1776 1478 1971 1539 forum
1992 1478 2329 1559 Babylonis
2340 1489 2407 1539 et
2424 1476 2651 1561 templa
2664 1479 2953 1561 quadam

1037 1578 1334 1639 incendit:
1375 1578 1831 1659 pulcherrimam
1854 1586 2086 1658 portem
2108 1576 2271 1637 urbis
2296 1576 2571 1657 perdidit.

1117 1678 1216 1739 5⁷.
1247 1675 1372 1737 His
1395 1678 1527 1756 ejus
1549 1673 1875 1735 sceleribus
1894 1673 2194 1734 licentiam
2214 1682 2279 1735 et
2300 1674 2715 1755 impunitatem
2734 1674 2955 1747 dabat,

1039 1771 1364 1852 implicitus
1377 1770 1546 1831 bello
1571 1770 1959 1851 Scytharum,
1984 1768 2203 1831 deinde
2228 1790 2269 1831 a
2304 1772 2429 1831 auis
2446 1771 2743 1833 militibus
2768 1772 2956 1832 inter-

1039 1866 1230 1928 fectum
1263 1866 1627 1929 Phi-abates.
1710 1866 2040 1947 Utriusque
2068 1866 2303 1927 initium
2326 1868 2385 1929 ei
2412 1868 2665 1929 victoria
2698 1867 2781 1929 de
2810 1870 2955 1931 Aa·

1041 1965 1241 2025 tiocho
1283 1964 1472 2025 dedit.
1553 1964 1737 2024 Adeo
1786 1962 2137 2045 plerumque
2176 1964 2448 2026 nesciunt
2491 1964 2765 2025 homines
2804 1964 2959 2045 quid

977 2072 998 2091 ·
1043 2069 1148 2121 aut
1165 2080 1446 2142 quorsum
1469 2061 1737 2143 cupiant,
1761 2060 2095 2141 sepiusque
2118 2060 2231 2120 sub
2250 2060 2375 2121 alia
2392 2062 2589 2142 specie
2612 2080 2687 2121 ac
2706 2063 2954 2123 nomine

1037 2157 1326 2217 malorum
1349 2178 1588 2217 suorum
1611 2156 1837 2236 origine
1862 2156 2173 2237 cauisque
2208 2156 2603 2219 delectantur.
2688 2156 2960 2238 Scyth-s

1037 2254 1378 2315 Phi-abates
1399 2272 1538 2315 cum
1565 2252 1871 2314 Antiocho
1894 2252 2129 2313 bellans
2150 2252 2483 2327 exciverat,
2508 2262 2573 2315 et
2594 2264 2737 2336 post
2758 2256 2959 2317 victo-

1035 2352 1182 2412 riam
1208 2350 1578 2411 venientibus
1603 2348 1933 2411 mercedem
1960 2350 2345 2430 pernegabat.

1115 2452 1218 2507 68.
1261 2445 1458 2526 Igitur
1491 2444 1725 2506 illorum
1762 2444 2013 2525 legatus,
2058 2464 2166 2525 pro
2199 2465 2359 2507 more
2390 2446 2591 2525 gentis.
2620 2446 2875 2509 horrida
2896 2458 2967 2511 et

1035 2544 1185 2605 truci
1219 2544 1506 2615 oratione,
1544 2550 1563 2579 ‘
1585 2542 1878 2603 Venimus
1915 2541 1995 2602 nd
2028 2543 2135 2615 te,’
2162 2543 2379 2625 inquit,
2406 2550 2425 2579 ‘
2445 2562 2553 2605 rex
2580 2544 2957 2619 Phi-abates,

1035 2644 1154 2703 tuis
1197 2642 1496 2723 promissis
1537 2640 1747 2711 exciti,
1794 2646 2089 2721 pactoque
2128 2640 2473 2721 stipendio:
2540 2640 2705 2721 qnod
2746 2646 2963 2723 negari

1034 2738 1460 2809 conditionem,
1485 2746 1777 2818 quantum
1796 2738 1857 2797 in
1884 2738 2059 2798 nobis
2070 2746 2183 2809 est,
2200 2737 2585 2819 implentibus
2606 2758 2729 2799 non
2746 2738 2961 2801 debet.

1037 2835 1106 2897 Si
1131 2837 1308 2897 citius
1329 2854 1511 2915 quam
1535 2854 1879 2917 speraveras
1898 2834 2126 2895 bellum
2152 2836 2491 2909 confecisti,
2516 2856 2635 2897 non
2660 2837 2809 2899 ideo
2844 2838 2959 2898 mi·

1037 2950 1147 2992 nus
1177 2933 1478 2994 delectum
1511 2933 1848 2993 habuerunt
1886 2932 2151 3013 Scythae,
2186 2934 2427 3014 suisque
2466 2931 2709 3006 finibus,
2738 2943 2809 2995 ut
2842 2935 2961 2996 tibi

1039 3029 1386 3102 militarent,
1409 3038 1550 3091 sunt
1575 3031 1816 3110 egressi.
1898 3028 2097 3091 Tanta
2119 3032 2411 3110 juventus
2436 3050 2635 3112 neque
2656 3033 2799 3111 cogi
2818 3032 2959 3094 sine

1037 3148 1144 3208 spe
1169 3129 1562 3209 praemiorum,
1589 3147 1787 3209 neque
1827 3128 2119 3189 contineri
2154 3130 2283 3189 sine
2314 3129 2695 3213 prustatione
2734 3142 2961 3212 potest.

1039 3222 1220 3286 Nihil
1239 3236 1450 3307 preter
1473 3246 1642 3287 arma
1660 3244 1799 3305 quoe
1818 3244 2121 3306 nunquam
2145 3227 2319 3287 nobb
2338 3224 2593 3287 deerunt
2614 3228 2963 3313 attiilimns,

1038 3343 1159 3403 quo
1177 3324 1512 3403 pecuniam,
1533 3342 1669 3403 quae
1690 3322 1921 3394 deerat,
1946 3332 2397 3405 reportaremus.
2467 3322 2617 3385 Non
2643 3325 2733 3387 ita
2757 3326 2963 3389 facilis

1039 3420 1370 3480 auctoranti
1394 3420 1925 3501 exauctorantique
1950 3418 2125 3481 turba
2142 3440 2364 3492 sumus,
2386 3428 2476 3492 ut,
2500 3422 2739 3502 quoties
2762 3424 2959 3487 alicu·

1029 3517 1138 3595 jus
1159 3517 1476 3579 necessitas
1515 3526 1580 3577 et
1620 3518 1857 3597 negotia
1896 3527 2169 3598 poscant,
2206 3536 2581 3579 accurramus
2618 3520 2827 3592 acciti,
2866 3532 2959 3595 et,

1041 3634 1178 3674 cum
1203 3613 1314 3673 illa
1331 3616 1707 3695 praeterierit,
1734 3612 2101 3676 remittamur
2126 3616 2352 3676 inanes.

1125 3718 1226 3773 59.
1269 3721 1288 3747 ‘
1310 3711 1465 3771 Plus
1509 3712 1757 3773 daturus
1801 3711 2143 3773 Antiochus
2188 3721 2338 3773 erat.
2422 3711 2549 3773 Sed
2592 3714 2961 3777 Parthicum

1051 3828 1263 3868 nomen
1290 3818 1352 3867 et
1374 3810 1653 3887 cognatio
1682 3808 1877 3889 gentis
1905 3808 2229 3868 effecerunt
2253 3816 2321 3869 ut
2342 3816 2507 3869 tuam
2532 3830 2777 3871 causam
2804 3832 2961 3893 prm—

1047 3906 1348 3967 ferremus.
1431 3906 1537 3967 Ne
1579 3906 1759 3985 igitur
1802 3905 2022 3985 injuria
2058 3904 2271 3985 dignos
2308 3906 2635 3977 existimes,
2674 3909 2783 3988 qui
2828 3920 2957 3971 tam

1047 4004 1296 4087 impigre
1320 4011 1723 4077 accurrerunt,
1748 4012 1815 4063 ut
1838 4010 1900 4065 te
1926 4003 2006 4062 ab
2028 4001 2260 4082 injuriis
2278 4002 2537 4063 hostium
2556 4004 2955 4067 vindicarent.

1049 4098 1146 4161 At
1167 4121 1298 4161 sero
1316 4100 1578 4171 venistis,
1605 4100 1859 4181 inquies.
1940 4098 2051 4159 An
2076 4098 2261 4178 igitur
2283 4098 2703 4181 postulandum
2728 4113 2867 4163 erat
2890 4112 2961 4165 ut

1049 4196 1177 4257 alas
1195 4205 1532 4281 aptaremus
1555 4196 1831 4277 pedibus,
1848 4204 1951 4256 aut
1966 4215 2199 4256 currum
2221 4195 2365 4255 solis
2382 4195 2915 4260 conscenderemus
2928 4200 2961 4259 ἵ

1049 4292 1120 4352 Si
1139 4294 1318 4353 citius
1337 4294 1777 4353 existimatione
1804 4302 1909 4353 tua
1926 4292 2145 4363 vicisti,
2164 4290 2423 4353 fortuna
2438 4298 2562 4352 tun
2578 4312 2689 4371 age
2704 4296 2955 4372 gratias,

1047 4373 1110 4449 et
1133 4398 1298 4451 tanto
1321 4388 1717 4473 liberaliorem
1738 4390 1799 4449 ie
1824 4388 2067 4461 exhibe,
2088 4397 2315 4471 quanto
2331 4387 2527 4449 factus
2547 4408 2613 4449 es
2630 4393 2953 4471 potentior.
