<?xml version="1.0" encoding="UTF-8"?>
<!DOCTYPE html PUBLIC "-//W3C//DTD XHTML 1.0 Transitional//EN"
    "http://www.w3.org/TR/xhtml1/DTD/xhtml1-transitional.dtd">
<html xmlns="http://www.w3.org/1999/xhtml" xml:lang="en" lang="en">
 <head>
  <title>
</title>
<meta http-equiv="Content-Type" content="text/html;charset=utf-8" />
  <meta name='ocr-system' content='tesseract 3.04.00' />
  <meta name='ocr-capabilities' content='ocr_page ocr_carea ocr_par ocr_line ocrx_word'/>
</head>
<body>
  <div class='ocr_page' id='page_1' title='image "./tliviipatavinih36unkngoog_0246.png"; bbox 0 0 3225 5242; ppageno 0'>
   <div class='ocr_carea' id='block_1_1' title="bbox 694 528 1983 597">
    <p class='ocr_par' dir='ltr' id='par_1_1' title="bbox 694 528 1983 597">
     <span class='ocr_line' id='line_1_1' title="bbox 694 528 1983 597; baseline 0.002 -2"><span class='ocrx_word' id='word_1_1' title='bbox 694 528 874 596; x_wconf 76' lang='lat'><strong>4192</strong></span> <span class='ocrx_word' id='word_1_2' title='bbox 1669 548 1739 597; x_wconf 78' lang='lat' dir='ltr'><strong>r.</strong></span> <span class='ocrx_word' id='word_1_3' title='bbox 1784 544 1983 597; x_wconf 77' lang='lat' dir='ltr'><strong>mvn</strong></span> 
     </span>
    </p>
   </div>
   <div class='ocr_carea' id='block_1_2' title="bbox 699 686 2937 1722">
    <p class='ocr_par' dir='ltr' id='par_1_2' title="bbox 701 686 2927 869">
     <span class='ocr_line' id='line_1_2' title="bbox 701 686 2927 772; baseline 0 -21"><span class='ocrx_word' id='word_1_4' title='bbox 701 689 844 739; x_wconf 64' lang='grc' dir='ltr'><strong>ΟΜ·</strong></span> <span class='ocrx_word' id='word_1_5' title='bbox 1025 689 1086 751; x_wconf 88' lang='lat' dir='ltr'><strong>in</strong></span> <span class='ocrx_word' id='word_1_6' title='bbox 1133 688 1354 753; x_wconf 60' lang='lat' dir='ltr'><strong>Dianai</strong></span> <span class='ocrx_word' id='word_1_7' title='bbox 1391 688 1598 753; x_wconf 78' lang='lat' dir='ltr'><strong>fanum</strong></span> <span class='ocrx_word' id='word_1_8' title='bbox 1640 689 1890 753; x_wconf 80' lang='lat' dir='ltr'><strong>abstulit</strong></span> <span class='ocrx_word' id='word_1_9' title='bbox 1924 688 2115 772; x_wconf 83' lang='lat' dir='ltr'><strong>prima</strong></span> <span class='ocrx_word' id='word_1_10' title='bbox 2152 686 2319 770; x_wconf 72' lang='lat' dir='ltr'><strong>fuga.</strong></span> <span class='ocrx_word' id='word_1_11' title='bbox 2398 686 2529 749; x_wconf 85' lang='lat' dir='ltr'><strong>Ubi</strong></span> <span class='ocrx_word' id='word_1_12' title='bbox 2546 708 2685 771; x_wconf 76' lang='lat' dir='ltr'><strong>-prae</strong></span> <span class='ocrx_word' id='word_1_13' title='bbox 2716 686 2927 751; x_wconf 77' lang='lat' dir='ltr'><strong>dolore</strong></span> 
     </span>
     <span class='ocr_line' id='line_1_3' title="bbox 1025 785 2925 869; baseline 0 -22"><span class='ocrx_word' id='word_1_14' title='bbox 1025 804 1235 847; x_wconf 86' lang='lat' dir='ltr'><strong>manus</strong></span> <span class='ocrx_word' id='word_1_15' title='bbox 1269 788 1382 848; x_wconf 85' lang='lat' dir='ltr'><strong>sibi</strong></span> <span class='ocrx_word' id='word_1_16' title='bbox 1417 786 1631 847; x_wconf 84' lang='lat' dir='ltr'><strong>inferre</strong></span> <span class='ocrx_word' id='word_1_17' title='bbox 1664 796 1972 869; x_wconf 86' lang='lat' dir='ltr'><strong>parantem</strong></span> <span class='ocrx_word' id='word_1_18' title='bbox 1994 785 2261 847; x_wconf 86' lang='lat' dir='ltr'><strong>fidissimi</strong></span> <span class='ocrx_word' id='word_1_19' title='bbox 2300 786 2625 847; x_wconf 87' lang='lat' dir='ltr'><strong>amicorum</strong></span> <span class='ocrx_word' id='word_1_20' title='bbox 2650 785 2925 868; x_wconf 87' lang='lat' dir='ltr'><strong>Pompo·-</strong></span> 
     </span>
    </p>

    <p class='ocr_par' dir='ltr' id='par_1_3' title="bbox 699 882 2937 1722">
     <span class='ocr_line' id='line_1_4' title="bbox 699 882 2931 966; baseline 0 -22"><span class='ocrx_word' id='word_1_21' title='bbox 699 903 833 956; x_wconf 82' lang='lat' dir='ltr'><strong>Plut.</strong></span> <span class='ocrx_word' id='word_1_22' title='bbox 1023 884 1156 945; x_wconf 87' lang='lat' dir='ltr'><strong>nius</strong></span> <span class='ocrx_word' id='word_1_23' title='bbox 1173 893 1242 945; x_wconf 85' lang='lat' dir='ltr'><strong>et</strong></span> <span class='ocrx_word' id='word_1_24' title='bbox 1256 885 1340 945; x_wconf 91' lang='lat' dir='ltr'><strong>P.</strong></span> <span class='ocrx_word' id='word_1_25' title='bbox 1361 883 1647 945; x_wconf 80' lang='lat' dir='ltr'><strong>Laetorius</strong></span> <span class='ocrx_word' id='word_1_26' title='bbox 1672 884 2034 945; x_wconf 74' lang='lat' dir='ltr'><strong>attinuerunt</strong></span> <span class='ocrx_word' id='word_1_27' title='bbox 2053 904 2073 945; x_wconf 69' lang='grc' dir='ltr'><em>ε</em></span> <span class='ocrx_word' id='word_1_28' title='bbox 2097 903 2439 965; x_wconf 88' lang='lat' dir='ltr'><strong>quanquam</strong></span> <span class='ocrx_word' id='word_1_29' title='bbox 2462 884 2569 945; x_wconf 90' lang='lat' dir='ltr'><strong>alii</strong></span> <span class='ocrx_word' id='word_1_30' title='bbox 2596 904 2705 966; x_wconf 91' lang='lat' dir='ltr'><strong>pro</strong></span> <span class='ocrx_word' id='word_1_31' title='bbox 2730 882 2931 945; x_wconf 81' lang='lat' dir='ltr'><strong>Laeto-</strong></span> 
     </span>
     <span class='ocr_line' id='line_1_5' title="bbox 1020 980 2929 1063; baseline 0 -21"><span class='ocrx_word' id='word_1_32' title='bbox 1020 982 1112 1042; x_wconf 93' lang='lat' dir='ltr'><strong>rio</strong></span> <span class='ocrx_word' id='word_1_33' title='bbox 1138 980 1435 1042; x_wconf 86' lang='lat' dir='ltr'><strong>Licinium</strong></span> <span class='ocrx_word' id='word_1_34' title='bbox 1463 1001 1679 1042; x_wconf 86' lang='lat' dir='ltr'><strong>nomen</strong></span> <span class='ocrx_word' id='word_1_35' title='bbox 1704 990 1952 1063; x_wconf 89' lang='lat' dir='ltr'><strong>ponunt.</strong></span> <span class='ocrx_word' id='word_1_36' title='bbox 2036 981 2141 1043; x_wconf 87' lang='lat' dir='ltr'><strong>Sic</strong></span> <span class='ocrx_word' id='word_1_37' title='bbox 2177 989 2442 1042; x_wconf 88' lang='lat' dir='ltr'><strong>extortus</strong></span> <span class='ocrx_word' id='word_1_38' title='bbox 2472 983 2685 1061; x_wconf 78' lang='lat' dir='ltr'><strong>juveni</strong></span> <span class='ocrx_word' id='word_1_39' title='bbox 2724 982 2929 1063; x_wconf 81' lang='lat' dir='ltr'><strong>pugio,</strong></span> 
     </span>
     <span class='ocr_line' id='line_1_6' title="bbox 1022 1076 2932 1160; baseline -0.001 -21"><span class='ocrx_word' id='word_1_40' title='bbox 1022 1098 1095 1139; x_wconf 87' lang='lat' dir='ltr'><strong>ac</strong></span> <span class='ocrx_word' id='word_1_41' title='bbox 1119 1078 1244 1159; x_wconf 85' lang='lat' dir='ltr'><strong>ipse</strong></span> <span class='ocrx_word' id='word_1_42' title='bbox 1269 1078 1328 1137; x_wconf 91' lang='lat' dir='ltr'><strong>in</strong></span> <span class='ocrx_word' id='word_1_43' title='bbox 1353 1076 1558 1157; x_wconf 77' lang='lat' dir='ltr'><strong>fugam</strong></span> <span class='ocrx_word' id='word_1_44' title='bbox 1585 1079 1866 1160; x_wconf 88' lang='lat' dir='ltr'><strong>abreptus</strong></span> <span class='ocrx_word' id='word_1_45' title='bbox 1882 1086 1993 1139; x_wconf 85' lang='lat' dir='ltr'><strong>est.</strong></span> <span class='ocrx_word' id='word_1_46' title='bbox 2080 1077 2181 1139; x_wconf 92' lang='lat' dir='ltr'><strong>Ibi</strong></span> <span class='ocrx_word' id='word_1_47' title='bbox 2208 1097 2361 1157; x_wconf 78' lang='lat' dir='ltr'><strong>genu</strong></span> <span class='ocrx_word' id='word_1_48' title='bbox 2388 1079 2581 1159; x_wconf 88' lang='lat' dir='ltr'><strong>posito</strong></span> <span class='ocrx_word' id='word_1_49' title='bbox 2606 1076 2932 1139; x_wconf 71' lang='lat' dir='ltr'><strong>tetendisse</strong></span> 
     </span>
     <span class='ocr_line' id='line_1_7' title="bbox 1021 1173 2935 1256; baseline -0.001 -19"><span class='ocrx_word' id='word_1_50' title='bbox 1021 1175 1102 1237; x_wconf 91' lang='lat' dir='ltr'><strong>ad</strong></span> <span class='ocrx_word' id='word_1_51' title='bbox 1135 1174 1518 1236; x_wconf 71' lang='lat' dir='ltr'><strong>simulacrum</strong></span> <span class='ocrx_word' id='word_1_52' title='bbox 1540 1173 1695 1236; x_wconf 76' lang='lat' dir='ltr'><strong>Deoe</strong></span> <span class='ocrx_word' id='word_1_53' title='bbox 1728 1196 1936 1237; x_wconf 85' lang='lat' dir='ltr'><strong>manus</strong></span> <span class='ocrx_word' id='word_1_54' title='bbox 1967 1174 2205 1249; x_wconf 71' lang='lat' dir='ltr'><strong>dicitur,</strong></span> <span class='ocrx_word' id='word_1_55' title='bbox 2232 1196 2365 1237; x_wconf 87' lang='lat' dir='ltr'><strong>cum</strong></span> <span class='ocrx_word' id='word_1_56' title='bbox 2406 1176 2827 1256; x_wconf 74' lang='lat' dir='ltr'>imprecatione</span> <span class='ocrx_word' id='word_1_57' title='bbox 2870 1176 2935 1235; x_wconf 86' lang='lat' dir='ltr'><strong>in</strong></span> 
     </span>
     <span class='ocr_line' id='line_1_8' title="bbox 1025 1271 2935 1355; baseline -0.001 -20"><span class='ocrx_word' id='word_1_58' title='bbox 1025 1272 1365 1335; x_wconf 76' lang='lat' dir='ltr'><strong>Romanam</strong></span> <span class='ocrx_word' id='word_1_59' title='bbox 1390 1272 1651 1355; x_wconf 81' lang='lat' dir='ltr'><strong>plebem,</strong></span> <span class='ocrx_word' id='word_1_60' title='bbox 1692 1282 1710 1311; x_wconf 85' lang='lat'>‘</span> <span class='ocrx_word' id='word_1_61' title='bbox 1736 1273 1961 1335; x_wconf 84' lang='lat' dir='ltr'><strong>faceret</strong></span> <span class='ocrx_word' id='word_1_62' title='bbox 1990 1273 2149 1345; x_wconf 90' lang='lat' dir='ltr'><strong>Dea,</strong></span> <span class='ocrx_word' id='word_1_63' title='bbox 2188 1281 2258 1333; x_wconf 92' lang='lat' dir='ltr'><strong>ut</strong></span> <span class='ocrx_word' id='word_1_64' title='bbox 2293 1273 2557 1353; x_wconf 78' lang='lat' dir='ltr'><strong>ing-ratus</strong></span> <span class='ocrx_word' id='word_1_65' title='bbox 2580 1281 2644 1334; x_wconf 92' lang='lat' dir='ltr'><strong>et</strong></span> <span class='ocrx_word' id='word_1_66' title='bbox 2666 1271 2935 1335; x_wconf 75' lang='lat' dir='ltr'><strong>desertor</strong></span> 
     </span>
     <span class='ocr_line' id='line_1_9' title="bbox 1021 1368 2937 1453; baseline -0.001 -22"><span class='ocrx_word' id='word_1_67' title='bbox 1021 1390 1258 1431; x_wconf 87' lang='lat' dir='ltr'><strong>suorum</strong></span> <span class='ocrx_word' id='word_1_68' title='bbox 1282 1369 1554 1452; x_wconf 88' lang='lat' dir='ltr'><strong>populus,</strong></span> <span class='ocrx_word' id='word_1_69' title='bbox 1583 1379 1933 1453; x_wconf 88' lang='lat' dir='ltr'><strong>perpetuam</strong></span> <span class='ocrx_word' id='word_1_70' title='bbox 1954 1371 2257 1433; x_wconf 88' lang='lat' dir='ltr'><strong>nobilitati</strong></span> <span class='ocrx_word' id='word_1_71' title='bbox 2282 1371 2529 1431; x_wconf 80' lang='lat' dir='ltr'><strong>serviret</strong></span> <span class='ocrx_word' id='word_1_72' title='bbox 2552 1368 2937 1431; x_wconf 68' lang='lat' dir='ltr'><strong>servitutem.²</strong></span> 
     </span>
     <span class='ocr_line' id='line_1_10' title="bbox 1025 1466 2937 1550; baseline 0.001 -23"><span class='ocrx_word' id='word_1_73' title='bbox 1025 1466 1242 1528; x_wconf 87' lang='lat' dir='ltr'><strong>Subito</strong></span> <span class='ocrx_word' id='word_1_74' title='bbox 1265 1468 1447 1539; x_wconf 86' lang='lat' dir='ltr'><strong>enim,</strong></span> <span class='ocrx_word' id='word_1_75' title='bbox 1475 1488 1612 1529; x_wconf 88' lang='lat' dir='ltr'><strong>cum</strong></span> <span class='ocrx_word' id='word_1_76' title='bbox 1643 1468 1929 1548; x_wconf 84' lang='lat' dir='ltr'><strong>promissa</strong></span> <span class='ocrx_word' id='word_1_77' title='bbox 1944 1488 2093 1528; x_wconf 83' lang='lat' dir='ltr'><strong>voce</strong></span> <span class='ocrx_word' id='word_1_78' title='bbox 2120 1468 2409 1550; x_wconf 72' lang='lat' dir='ltr'><strong>praeconis</strong></span> <span class='ocrx_word' id='word_1_79' title='bbox 2424 1468 2744 1549; x_wconf 87' lang='lat' dir='ltr'><strong>impunitas</strong></span> <span class='ocrx_word' id='word_1_80' title='bbox 2764 1486 2937 1528; x_wconf 85' lang='lat' dir='ltr'><strong>arma</strong></span> 
     </span>
     <span class='ocr_line' id='line_1_11' title="bbox 1022 1564 2935 1647; baseline -0.001 -21"><span class='ocrx_word' id='word_1_81' title='bbox 1022 1566 1376 1647; x_wconf 88' lang='lat' dir='ltr'><strong>ponentibus</strong></span> <span class='ocrx_word' id='word_1_82' title='bbox 1425 1574 1602 1639; x_wconf 84' lang='lat' dir='ltr'><strong>esset,</strong></span> <span class='ocrx_word' id='word_1_83' title='bbox 1658 1566 1738 1627; x_wconf 89' lang='lat' dir='ltr'><strong>ab</strong></span> <span class='ocrx_word' id='word_1_84' title='bbox 1789 1566 2079 1628; x_wconf 81' lang='lat' dir='ltr'><strong>universis</strong></span> <span class='ocrx_word' id='word_1_85' title='bbox 2126 1586 2190 1627; x_wconf 85' lang='lat' dir='ltr'><strong>se</strong></span> <span class='ocrx_word' id='word_1_86' title='bbox 2242 1565 2513 1627; x_wconf 89' lang='lat' dir='ltr'><strong>relictum</strong></span> <span class='ocrx_word' id='word_1_87' title='bbox 2560 1564 2935 1627; x_wconf 83' lang='lat' dir='ltr'><strong>animadver-</strong></span> 
     </span>
     <span class='ocr_line' id='line_1_12' title="bbox 1023 1669 1198 1722; baseline 0.006 -1"><span class='ocrx_word' id='word_1_88' title='bbox 1023 1669 1198 1722; x_wconf 85' lang='lat' dir='ltr'><strong>terat.</strong></span> 
     </span>
    </p>
   </div>
   <div class='ocr_carea' id='block_1_3' title="bbox 699 1728 2943 2911">
    <p class='ocr_par' dir='ltr' id='par_1_4' title="bbox 699 1728 2943 2911">
     <span class='ocr_line' id='line_1_13' title="bbox 702 1728 2937 1841; baseline 0.002 -23"><span class='ocrx_word' id='word_1_89' title='bbox 702 1728 844 1809; x_wconf 61' lang='grc' dir='ltr'><strong>ὀΐω·</strong></span> <span class='ocrx_word' id='word_1_90' title='bbox 1103 1765 1206 1819; x_wconf 81' lang='lat'><strong>29.</strong></span> <span class='ocrx_word' id='word_1_91' title='bbox 1249 1758 1600 1820; x_wconf 74' lang='lat' dir='ltr'><strong>Familiares</strong></span> <span class='ocrx_word' id='word_1_92' title='bbox 1634 1768 1831 1821; x_wconf 87' lang='lat' dir='ltr'><strong>tamen</strong></span> <span class='ocrx_word' id='word_1_93' title='bbox 1874 1759 2105 1840; x_wconf 75' lang='lat' dir='ltr'><strong>aliquot</strong></span> <span class='ocrx_word' id='word_1_94' title='bbox 2144 1760 2437 1841; x_wconf 76' lang='lat' dir='ltr'><strong>amicique</strong></span> <span class='ocrx_word' id='word_1_95' title='bbox 2478 1780 2585 1841; x_wconf 90' lang='lat' dir='ltr'><strong>pro</strong></span> <span class='ocrx_word' id='word_1_96' title='bbox 2622 1780 2696 1821; x_wconf 92' lang='lat' dir='ltr'><strong>eo</strong></span> <span class='ocrx_word' id='word_1_97' title='bbox 2736 1760 2937 1823; x_wconf 88' lang='lat' dir='ltr'><strong>adhuc</strong></span> 
     </span>
     <span class='ocr_line' id='line_1_14' title="bbox 703 1822 2941 1939; baseline 0.002 -24"><span class='ocrx_word' id='word_1_98' title='bbox 703 1822 1002 1937; x_wconf 48' lang='grc' dir='ltr'><strong>ν’ῗξῗὴἃῗι..</strong></span> <span class='ocrx_word' id='word_1_99' title='bbox 1025 1858 1513 1937; x_wconf 74' lang='lat' dir='ltr'><strong>propugnabant:</strong></span> <span class='ocrx_word' id='word_1_100' title='bbox 1553 1878 1805 1937; x_wconf 90' lang='lat' dir='ltr'><strong>quorum</strong></span> <span class='ocrx_word' id='word_1_101' title='bbox 1830 1878 1943 1938; x_wconf 89' lang='lat' dir='ltr'><strong>ope</strong></span> <span class='ocrx_word' id='word_1_102' title='bbox 1968 1857 2073 1919; x_wconf 84' lang='lat' dir='ltr'><strong>vix</strong></span> <span class='ocrx_word' id='word_1_103' title='bbox 2093 1858 2174 1918; x_wconf 88' lang='lat' dir='ltr'><strong>ad</strong></span> <span class='ocrx_word' id='word_1_104' title='bbox 2200 1866 2430 1939; x_wconf 83' lang='lat' dir='ltr'><strong>portam</strong></span> <span class='ocrx_word' id='word_1_105' title='bbox 2450 1857 2851 1936; x_wconf 82' lang='lat' dir='ltr'><strong>Trigeminam</strong></span> <span class='ocrx_word' id='word_1_106' title='bbox 2872 1868 2941 1919; x_wconf 92' lang='lat' dir='ltr'><strong>et</strong></span> 
     </span>
     <span class='ocr_line' id='line_1_15' title="bbox 701 1950 2939 2035; baseline 0.002 -24"><span class='ocrx_word' id='word_1_107' title='bbox 701 1953 831 2001; x_wconf 83' lang='lat' dir='ltr'><strong>ven.</strong></span> <span class='ocrx_word' id='word_1_108' title='bbox 865 1968 929 2005; x_wconf 82' lang='lat'><strong>11·</strong></span> <span class='ocrx_word' id='word_1_109' title='bbox 951 1956 1003 2003; x_wconf 78' lang='lat'><strong>⁶·</strong></span> <span class='ocrx_word' id='word_1_110' title='bbox 1029 1950 1364 2014; x_wconf 87' lang='lat' dir='ltr'><strong>Sublicium</strong></span> <span class='ocrx_word' id='word_1_111' title='bbox 1423 1961 1665 2034; x_wconf 85' lang='lat' dir='ltr'><strong>pontem</strong></span> <span class='ocrx_word' id='word_1_112' title='bbox 1732 1954 2037 2034; x_wconf 80' lang='lat' dir='ltr'><strong>pervenire</strong></span> <span class='ocrx_word' id='word_1_113' title='bbox 2097 1956 2309 2035; x_wconf 90' lang='lat' dir='ltr'><strong>potuit.</strong></span> <span class='ocrx_word' id='word_1_114' title='bbox 2408 1951 2509 2014; x_wconf 93' lang='lat' dir='ltr'><strong>Ibi</strong></span> <span class='ocrx_word' id='word_1_115' title='bbox 2557 1954 2939 2035; x_wconf 77' lang='lat' dir='ltr'><strong>Pomponius</strong></span> 
     </span>
     <span class='ocr_line' id='line_1_16' title="bbox 699 2017 2939 2130; baseline 0.001 -21"><span class='ocrx_word' id='word_1_116' title='bbox 699 2017 832 2070; x_wconf 81' lang='lat' dir='ltr'><strong>Plut.</strong></span> <span class='ocrx_word' id='word_1_117' title='bbox 1025 2070 1207 2130; x_wconf 85' lang='lat' dir='ltr'><strong>eques</strong></span> <span class='ocrx_word' id='word_1_118' title='bbox 1232 2048 1564 2122; x_wconf 87' lang='lat' dir='ltr'><strong>Romanus,</strong></span> <span class='ocrx_word' id='word_1_119' title='bbox 1601 2058 1665 2110; x_wconf 89' lang='lat' dir='ltr'><strong>et</strong></span> <span class='ocrx_word' id='word_1_120' title='bbox 1707 2048 1968 2111; x_wconf 81' lang='lat' dir='ltr'><strong>Licinius</strong></span> <span class='ocrx_word' id='word_1_121' title='bbox 2004 2050 2157 2128; x_wconf 81' lang='lat' dir='ltr'><strong>(sive</strong></span> <span class='ocrx_word' id='word_1_122' title='bbox 2196 2050 2245 2109; x_wconf 90' lang='lat' dir='ltr'><strong>is</strong></span> <span class='ocrx_word' id='word_1_123' title='bbox 2280 2050 2571 2111; x_wconf 70' lang='lat' dir='ltr'><strong>Laetorius</strong></span> <span class='ocrx_word' id='word_1_124' title='bbox 2608 2050 2746 2130; x_wconf 84' lang='lat' dir='ltr'><strong>fuit)</strong></span> <span class='ocrx_word' id='word_1_125' title='bbox 2772 2070 2939 2111; x_wconf 89' lang='lat' dir='ltr'><strong>more</strong></span> 
     </span>
     <span class='ocr_line' id='line_1_17' title="bbox 1027 2146 2939 2229; baseline -0.001 -20"><span class='ocrx_word' id='word_1_126' title='bbox 1027 2146 1278 2209; x_wconf 84' lang='lat' dir='ltr'><strong>Coclitis</strong></span> <span class='ocrx_word' id='word_1_127' title='bbox 1319 2156 1560 2229; x_wconf 85' lang='lat' dir='ltr'><strong>pontem</strong></span> <span class='ocrx_word' id='word_1_128' title='bbox 1595 2149 1839 2227; x_wconf 87' lang='lat' dir='ltr'><strong>objectu</strong></span> <span class='ocrx_word' id='word_1_129' title='bbox 1880 2166 2190 2229; x_wconf 87' lang='lat' dir='ltr'><strong>corporum</strong></span> <span class='ocrx_word' id='word_1_130' title='bbox 2226 2168 2461 2209; x_wconf 89' lang='lat' dir='ltr'><strong>suorum</strong></span> <span class='ocrx_word' id='word_1_131' title='bbox 2486 2148 2829 2209; x_wconf 79' lang='lat' dir='ltr'><strong>clauserunt</strong></span> <span class='ocrx_word' id='word_1_132' title='bbox 2853 2149 2939 2207; x_wconf 86' lang='lat' dir='ltr'><strong>ir-</strong></span> 
     </span>
     <span class='ocr_line' id='line_1_18' title="bbox 1025 2246 2939 2327; baseline 0.002 -22"><span class='ocrx_word' id='word_1_133' title='bbox 1025 2246 1346 2307; x_wconf 77' lang='lat' dir='ltr'><strong>ruentibus.</strong></span> <span class='ocrx_word' id='word_1_134' title='bbox 1430 2246 1751 2307; x_wconf 87' lang='lat' dir='ltr'><strong>Postremo</strong></span> <span class='ocrx_word' id='word_1_135' title='bbox 1785 2246 1876 2306; x_wconf 87' lang='lat' dir='ltr'><strong>his</strong></span> <span class='ocrx_word' id='word_1_136' title='bbox 1904 2267 2165 2327; x_wconf 91' lang='lat' dir='ltr'><strong>quoque,</strong></span> <span class='ocrx_word' id='word_1_137' title='bbox 2194 2246 2439 2308; x_wconf 91' lang='lat' dir='ltr'><strong>dubium</strong></span> <span class='ocrx_word' id='word_1_138' title='bbox 2474 2267 2583 2307; x_wconf 91' lang='lat' dir='ltr'><strong>suo</strong></span> <span class='ocrx_word' id='word_1_139' title='bbox 2618 2266 2695 2307; x_wconf 90' lang='lat' dir='ltr'><strong>an</strong></span> <span class='ocrx_word' id='word_1_140' title='bbox 2729 2246 2939 2309; x_wconf 84' lang='lat' dir='ltr'><strong>hostili</strong></span> 
     </span>
     <span class='ocr_line' id='line_1_19' title="bbox 1025 2340 2933 2425; baseline 0.001 -24"><span class='ocrx_word' id='word_1_141' title='bbox 1025 2340 1201 2413; x_wconf 77' lang='lat' dir='ltr'><strong>ferro,</strong></span> <span class='ocrx_word' id='word_1_142' title='bbox 1227 2343 1574 2414; x_wconf 85' lang='lat' dir='ltr'><strong>interemtis,</strong></span> <span class='ocrx_word' id='word_1_143' title='bbox 1602 2362 1832 2425; x_wconf 88' lang='lat' dir='ltr'><strong>parum,</strong></span> <span class='ocrx_word' id='word_1_144' title='bbox 1862 2362 1937 2403; x_wconf 92' lang='lat' dir='ltr'><strong>ne</strong></span> <span class='ocrx_word' id='word_1_145' title='bbox 1972 2343 2565 2425; x_wconf 82' lang='lat' dir='ltr'><strong>comprehenderetur</strong></span> <span class='ocrx_word' id='word_1_146' title='bbox 2592 2344 2933 2417; x_wconf 76' lang='lat' dir='ltr'><strong>Gracchus,</strong></span> 
     </span>
     <span class='ocr_line' id='line_1_20' title="bbox 703 2438 2941 2520; baseline 0.002 -25"><span class='ocrx_word' id='word_1_147' title='bbox 703 2445 988 2495; x_wconf 79' lang='lat' dir='ltr'><strong>v011.P1ut.</strong></span> <span class='ocrx_word' id='word_1_148' title='bbox 1026 2438 1254 2500; x_wconf 87' lang='lat' dir='ltr'><strong>aberat.</strong></span> <span class='ocrx_word' id='word_1_149' title='bbox 1336 2438 1597 2501; x_wconf 89' lang='lat' dir='ltr'><strong>Plurimi</strong></span> <span class='ocrx_word' id='word_1_150' title='bbox 1648 2440 1805 2499; x_wconf 89' lang='lat' dir='ltr'><strong>enim</strong></span> <span class='ocrx_word' id='word_1_151' title='bbox 1842 2460 2002 2511; x_wconf 88' lang='lat' dir='ltr'><strong>eum,</strong></span> <span class='ocrx_word' id='word_1_152' title='bbox 2044 2460 2155 2501; x_wconf 87' lang='lat' dir='ltr'><strong>nec</strong></span> <span class='ocrx_word' id='word_1_153' title='bbox 2202 2440 2279 2500; x_wconf 91' lang='lat' dir='ltr'><strong>ab</strong></span> <span class='ocrx_word' id='word_1_154' title='bbox 2324 2440 2465 2501; x_wconf 92' lang='lat' dir='ltr'><strong>odio</strong></span> <span class='ocrx_word' id='word_1_155' title='bbox 2501 2442 2711 2519; x_wconf 77' lang='lat' dir='ltr'><strong>magis,</strong></span> <span class='ocrx_word' id='word_1_156' title='bbox 2754 2460 2941 2520; x_wconf 88' lang='lat' dir='ltr'><strong>quam</strong></span> 
     </span>
     <span class='ocr_line' id='line_1_21' title="bbox 737 2536 2940 2619; baseline 0.003 -28"><span class='ocrx_word' id='word_1_157' title='bbox 737 2542 890 2593; x_wconf 82' lang='lat' dir='ltr'><strong>Diod.</strong></span> <span class='ocrx_word' id='word_1_158' title='bbox 919 2556 1000 2610; x_wconf 75' lang='lat' dir='ltr'><strong>sp.</strong></span> <span class='ocrx_word' id='word_1_159' title='bbox 1026 2536 1282 2596; x_wconf 77' lang='lat' dir='ltr'><strong>avaritia</strong></span> <span class='ocrx_word' id='word_1_160' title='bbox 1305 2538 1828 2617; x_wconf 84' lang='lat' dir='ltr'><strong>persequebantur,</strong></span> <span class='ocrx_word' id='word_1_161' title='bbox 1856 2538 1999 2617; x_wconf 91' lang='lat' dir='ltr'><strong>quia</strong></span> <span class='ocrx_word' id='word_1_162' title='bbox 2033 2537 2238 2598; x_wconf 87' lang='lat' dir='ltr'><strong>consul</strong></span> <span class='ocrx_word' id='word_1_163' title='bbox 2265 2546 2449 2619; x_wconf 91' lang='lat' dir='ltr'><strong>caput</strong></span> <span class='ocrx_word' id='word_1_164' title='bbox 2472 2540 2603 2618; x_wconf 83' lang='lat' dir='ltr'><strong>ejus</strong></span> <span class='ocrx_word' id='word_1_165' title='bbox 2627 2557 2769 2597; x_wconf 86' lang='lat' dir='ltr'><strong>auro</strong></span> <span class='ocrx_word' id='word_1_166' title='bbox 2790 2556 2940 2619; x_wconf 88' lang='lat' dir='ltr'><strong>pen-</strong></span> 
     </span>
     <span class='ocr_line' id='line_1_22' title="bbox 707 2608 2389 2695; baseline 0.001 -2"><span class='ocrx_word' id='word_1_167' title='bbox 707 2608 821 2658; x_wconf 72' lang='lat' dir='ltr'><strong>v⁸¹⁶</strong></span> <span class='ocrx_word' id='word_1_168' title='bbox 1026 2640 1287 2694; x_wconf 84' lang='lat' dir='ltr'><strong>saturum</strong></span> <span class='ocrx_word' id='word_1_169' title='bbox 1313 2633 1606 2695; x_wconf 85' lang='lat' dir='ltr'><strong>edixerat.</strong></span> <span class='ocrx_word' id='word_1_170' title='bbox 2371 2648 2389 2661; x_wconf 66' lang='lat'>⁸</span> 
     </span>
     <span class='ocr_line' id='line_1_23' title="bbox 703 2729 2941 2812; baseline -0.003 -16"><span class='ocrx_word' id='word_1_171' title='bbox 703 2745 833 2799; x_wconf 79' lang='lat' dir='ltr'><strong>Plut.</strong></span> <span class='ocrx_word' id='word_1_172' title='bbox 1107 2736 1211 2795; x_wconf 76' lang='lat'><strong>30.</strong></span> <span class='ocrx_word' id='word_1_173' title='bbox 1257 2729 1452 2809; x_wconf 78' lang='lat' dir='ltr'><strong>Igitur</strong></span> <span class='ocrx_word' id='word_1_174' title='bbox 1489 2733 1797 2812; x_wconf 89' lang='lat' dir='ltr'><strong>perterrita</strong></span> <span class='ocrx_word' id='word_1_175' title='bbox 1830 2730 2233 2804; x_wconf 88' lang='lat' dir='ltr'><strong>multitudine,</strong></span> <span class='ocrx_word' id='word_1_176' title='bbox 2270 2732 2371 2793; x_wconf 90' lang='lat' dir='ltr'><strong>cui</strong></span> <span class='ocrx_word' id='word_1_177' title='bbox 2406 2750 2666 2812; x_wconf 84' lang='lat' dir='ltr'><strong>eousque</strong></span> <span class='ocrx_word' id='word_1_178' title='bbox 2702 2730 2941 2791; x_wconf 86' lang='lat' dir='ltr'><strong>carissi-</strong></span> 
     </span>
     <span class='ocr_line' id='line_1_24' title="bbox 1027 2826 2943 2911; baseline 0.001 -25"><span class='ocrx_word' id='word_1_179' title='bbox 1027 2846 1158 2887; x_wconf 84' lang='lat' dir='ltr'><strong>mus</strong></span> <span class='ocrx_word' id='word_1_180' title='bbox 1193 2826 1410 2899; x_wconf 78' lang='lat' dir='ltr'><strong>fuerat,</strong></span> <span class='ocrx_word' id='word_1_181' title='bbox 1451 2848 1623 2889; x_wconf 88' lang='lat' dir='ltr'><strong>nemo</strong></span> <span class='ocrx_word' id='word_1_182' title='bbox 1658 2837 1764 2889; x_wconf 90' lang='lat' dir='ltr'><strong>aut</strong></span> <span class='ocrx_word' id='word_1_183' title='bbox 1796 2828 2069 2890; x_wconf 84' lang='lat' dir='ltr'><strong>defensor</strong></span> <span class='ocrx_word' id='word_1_184' title='bbox 2106 2830 2318 2911; x_wconf 88' lang='lat' dir='ltr'><strong>capitis</strong></span> <span class='ocrx_word' id='word_1_185' title='bbox 2357 2832 2513 2910; x_wconf 86' lang='lat' dir='ltr'><strong>ejus,</strong></span> <span class='ocrx_word' id='word_1_186' title='bbox 2556 2837 2663 2889; x_wconf 89' lang='lat' dir='ltr'><strong>aut</strong></span> <span class='ocrx_word' id='word_1_187' title='bbox 2698 2828 2943 2907; x_wconf 81' lang='lat' dir='ltr'><strong>adjutor</strong></span> 
     </span>
    </p>
   </div>
   <div class='ocr_carea' id='block_1_4' title="bbox 1028 2923 2941 3008">
    <p class='ocr_par' dir='ltr' id='par_1_5' title="bbox 1028 2923 2941 3008">
     <span class='ocr_line' id='line_1_25' title="bbox 1028 2923 2941 3008; baseline 0.001 -24"><span class='ocrx_word' id='word_1_188' title='bbox 1028 2923 1188 3004; x_wconf 64' lang='lat' dir='ltr'><strong>fugin</strong></span> <span class='ocrx_word' id='word_1_189' title='bbox 1221 2925 1440 2987; x_wconf 84' lang='lat' dir='ltr'><strong>extitit.</strong></span> <span class='ocrx_word' id='word_1_190' title='bbox 1521 2925 1805 2999; x_wconf 89' lang='lat' dir='ltr'><strong>Tantum,</strong></span> <span class='ocrx_word' id='word_1_191' title='bbox 1840 2927 2003 2987; x_wconf 86' lang='lat' dir='ltr'><strong>velut</strong></span> <span class='ocrx_word' id='word_1_192' title='bbox 2033 2927 2249 2987; x_wconf 90' lang='lat' dir='ltr'><strong>ludicri</strong></span> <span class='ocrx_word' id='word_1_193' title='bbox 2280 2926 2617 2988; x_wconf 73' lang='lat' dir='ltr'><strong>certaminis</strong></span> <span class='ocrx_word' id='word_1_194' title='bbox 2641 2933 2941 3008; x_wconf 84' lang='lat' dir='ltr'><strong>spectato-</strong></span> 
     </span>
    </p>
   </div>
   <div class='ocr_carea' id='block_1_5' title="bbox 1029 3020 3079 3104">
    <p class='ocr_par' dir='ltr' id='par_1_6' title="bbox 1029 3020 3079 3104">
     <span class='ocr_line' id='line_1_26' title="bbox 1029 3020 3079 3104; baseline 0.001 -23"><span class='ocrx_word' id='word_1_195' title='bbox 1029 3040 1146 3094; x_wconf 91' lang='lat' dir='ltr'><strong>res,</strong></span> <span class='ocrx_word' id='word_1_196' title='bbox 1191 3042 1504 3104; x_wconf 89' lang='lat' dir='ltr'><strong>properare</strong></span> <span class='ocrx_word' id='word_1_197' title='bbox 1539 3043 1679 3084; x_wconf 90' lang='lat' dir='ltr'><strong>eum</strong></span> <span class='ocrx_word' id='word_1_198' title='bbox 1704 3020 2114 3096; x_wconf 80' lang='lat' dir='ltr'><strong>hortabantur,</strong></span> <span class='ocrx_word' id='word_1_199' title='bbox 2142 3024 2293 3086; x_wconf 89' lang='lat' dir='ltr'><strong>adeo</strong></span> <span class='ocrx_word' id='word_1_200' title='bbox 2318 3045 2435 3085; x_wconf 86' lang='lat' dir='ltr'><strong>non</strong></span> <span class='ocrx_word' id='word_1_201' title='bbox 2461 3024 2715 3087; x_wconf 81' lang='lat' dir='ltr'><strong>ferentes</strong></span> <span class='ocrx_word' id='word_1_202' title='bbox 2739 3042 2939 3104; x_wconf 90' lang='lat' dir='ltr'><strong>opem,</strong></span> <span class='ocrx_word' id='word_1_203' title='bbox 3072 3021 3079 3025; x_wconf 76' lang='grc'><strong>’</strong></span> 
     </span>
    </p>
   </div>
   <div class='ocr_carea' id='block_1_6' title="bbox 740 3122 2947 3203">
    <p class='ocr_par' dir='ltr' id='par_1_7' title="bbox 740 3122 2947 3203">
     <span class='ocr_line' id='line_1_27' title="bbox 740 3122 2947 3203; baseline 0.002 -28"><span class='ocrx_word' id='word_1_204' title='bbox 740 3128 886 3177; x_wconf 71' lang='lat' dir='ltr'><strong>Auci.</strong></span> <span class='ocrx_word' id='word_1_205' title='bbox 905 3128 970 3177; x_wconf 80' lang='lat' dir='ltr'><strong>de</strong></span> <span class='ocrx_word' id='word_1_206' title='bbox 1033 3129 1102 3182; x_wconf 89' lang='lat' dir='ltr'><strong>ut</strong></span> <span class='ocrx_word' id='word_1_207' title='bbox 1143 3141 1364 3203; x_wconf 87' lang='lat' dir='ltr'><strong>equum</strong></span> <span class='ocrx_word' id='word_1_208' title='bbox 1408 3123 1637 3203; x_wconf 85' lang='lat' dir='ltr'><strong>petenti</strong></span> <span class='ocrx_word' id='word_1_209' title='bbox 1678 3142 1850 3183; x_wconf 85' lang='lat' dir='ltr'><strong>nemo</strong></span> <span class='ocrx_word' id='word_1_210' title='bbox 1898 3123 2241 3183; x_wconf 81' lang='lat' dir='ltr'><strong>sustinuerit</strong></span> <span class='ocrx_word' id='word_1_211' title='bbox 2294 3122 2634 3183; x_wconf 86' lang='lat' dir='ltr'><strong>adducere:</strong></span> <span class='ocrx_word' id='word_1_212' title='bbox 2686 3123 2853 3199; x_wconf 86' lang='lat' dir='ltr'><strong>(uam</strong></span> <span class='ocrx_word' id='word_1_213' title='bbox 2906 3139 2947 3180; x_wconf 92' lang='lat' dir='ltr'><strong>a</strong></span> 
     </span>
    </p>
   </div>
   <div class='ocr_carea' id='block_1_7' title="bbox 709 3192 2942 3300">
    <p class='ocr_par' dir='ltr' id='par_1_8' title="bbox 709 3192 2942 3300">
     <span class='ocr_line' id='line_1_28' title="bbox 709 3192 2942 3300; baseline 0.003 -27"><span class='ocrx_word' id='word_1_214' title='bbox 709 3192 1016 3244; x_wconf 49' lang='lat' dir='ltr'><strong>vihmm·</strong></span> <span class='ocrx_word' id='word_1_215' title='bbox 1035 3218 1260 3300; x_wconf 88' lang='lat' dir='ltr'><strong>templo</strong></span> <span class='ocrx_word' id='word_1_216' title='bbox 1296 3219 1514 3279; x_wconf 64' lang='lat' dir='ltr'><strong>Dianae</strong></span> <span class='ocrx_word' id='word_1_217' title='bbox 1539 3220 1817 3280; x_wconf 84' lang='lat' dir='ltr'><strong>desiliens</strong></span> <span class='ocrx_word' id='word_1_218' title='bbox 1855 3220 2043 3281; x_wconf 82' lang='lat' dir='ltr'><strong>talum</strong></span> <span class='ocrx_word' id='word_1_219' title='bbox 2080 3221 2393 3281; x_wconf 87' lang='lat' dir='ltr'><strong>intorserat</strong></span> <span class='ocrx_word' id='word_1_220' title='bbox 2416 3223 2463 3299; x_wconf 73' lang='grc' dir='ltr'><strong>τ)</strong></span> <span class='ocrx_word' id='word_1_221' title='bbox 2490 3220 2775 3281; x_wconf 86' lang='lat' dir='ltr'><strong>hactenus</strong></span> <span class='ocrx_word' id='word_1_222' title='bbox 2812 3238 2942 3279; x_wconf 91' lang='lat' dir='ltr'><strong>om-</strong></span> 
     </span>
    </p>
   </div>
   <div class='ocr_carea' id='block_1_8' title="bbox 1035 3317 2434 3398">
    <p class='ocr_par' dir='ltr' id='par_1_9' title="bbox 1035 3317 2434 3398">
     <span class='ocr_line' id='line_1_29' title="bbox 1035 3317 2434 3398; baseline 0.001 -23"><span class='ocrx_word' id='word_1_223' title='bbox 1035 3317 1197 3376; x_wconf 88' lang='lat' dir='ltr'><strong>nium</strong></span> <span class='ocrx_word' id='word_1_224' title='bbox 1224 3317 1407 3377; x_wconf 87' lang='lat' dir='ltr'><strong>animi</strong></span> <span class='ocrx_word' id='word_1_225' title='bbox 1431 3318 1686 3398; x_wconf 86' lang='lat' dir='ltr'><strong>perculsi</strong></span> <span class='ocrx_word' id='word_1_226' title='bbox 1710 3319 1961 3379; x_wconf 81' lang='lat' dir='ltr'><strong>victoria</strong></span> <span class='ocrx_word' id='word_1_227' title='bbox 1983 3327 2220 3379; x_wconf 87' lang='lat' dir='ltr'><strong>senatus</strong></span> <span class='ocrx_word' id='word_1_228' title='bbox 2245 3326 2434 3380; x_wconf 87' lang='lat' dir='ltr'><strong>erant.</strong></span> 
     </span>
    </p>
   </div>
   <div class='ocr_carea' id='block_1_9' title="bbox 707 3412 2945 3496">
    <p class='ocr_par' dir='ltr' id='par_1_10' title="bbox 707 3412 2945 3496">
     <span class='ocr_line' id='line_1_30' title="bbox 707 3412 2945 3496; baseline 0.001 -24"><span class='ocrx_word' id='word_1_229' title='bbox 707 3422 840 3472; x_wconf 76' lang='lat' dir='ltr'><strong>Plut.</strong></span> <span class='ocrx_word' id='word_1_230' title='bbox 855 3422 1003 3474; x_wconf 80' lang='lat' dir='ltr'><strong>Auct.</strong></span> <span class='ocrx_word' id='word_1_231' title='bbox 1117 3419 1218 3474; x_wconf 78' lang='lat'><strong>31.</strong></span> <span class='ocrx_word' id='word_1_232' title='bbox 1259 3412 1397 3473; x_wconf 82' lang='lat' dir='ltr'><strong>Jam</strong></span> <span class='ocrx_word' id='word_1_233' title='bbox 1425 3414 1484 3473; x_wconf 92' lang='lat' dir='ltr'><strong>in</strong></span> <span class='ocrx_word' id='word_1_234' title='bbox 1512 3414 1711 3475; x_wconf 89' lang='lat' dir='ltr'><strong>lucum</strong></span> <span class='ocrx_word' id='word_1_235' title='bbox 1738 3415 1994 3487; x_wconf 79' lang='lat' dir='ltr'><strong>Furinae,</strong></span> <span class='ocrx_word' id='word_1_236' title='bbox 2030 3418 2133 3496; x_wconf 92' lang='lat' dir='ltr'><strong>qui</strong></span> <span class='ocrx_word' id='word_1_237' title='bbox 2166 3425 2327 3494; x_wconf 77' lang='lat' dir='ltr'><strong>trans</strong></span> <span class='ocrx_word' id='word_1_238' title='bbox 2356 3415 2621 3475; x_wconf 92' lang='lat' dir='ltr'><strong>Tiberim</strong></span> <span class='ocrx_word' id='word_1_239' title='bbox 2660 3423 2773 3487; x_wconf 89' lang='lat' dir='ltr'><strong>est,</strong></span> <span class='ocrx_word' id='word_1_240' title='bbox 2806 3434 2945 3495; x_wconf 87' lang='lat' dir='ltr'><strong>per-</strong></span> 
     </span>
    </p>
   </div>
   <div class='ocr_carea' id='block_1_10' title="bbox 709 3486 2947 3601">
    <p class='ocr_par' dir='ltr' id='par_1_11' title="bbox 709 3486 2947 3601">
     <span class='ocr_line' id='line_1_31' title="bbox 709 3486 2947 3601; baseline -0.002 -27"><span class='ocrx_word' id='word_1_241' title='bbox 709 3486 899 3601; x_wconf 51' lang='lat' dir='ltr'><strong>}figffi</strong></span> <span class='ocrx_word' id='word_1_242' title='bbox 1036 3518 1302 3583; x_wconf 82' lang='lat' dir='ltr'><strong>venerat,</strong></span> <span class='ocrx_word' id='word_1_243' title='bbox 1345 3530 1503 3583; x_wconf 88' lang='lat' dir='ltr'><strong>cum,</strong></span> <span class='ocrx_word' id='word_1_244' title='bbox 1550 3515 1896 3595; x_wconf 86' lang='lat' dir='ltr'><strong>propinquis</strong></span> <span class='ocrx_word' id='word_1_245' title='bbox 1931 3512 2248 3573; x_wconf 87' lang='lat' dir='ltr'><strong>admodum</strong></span> <span class='ocrx_word' id='word_1_246' title='bbox 2286 3512 2516 3595; x_wconf 89' lang='lat' dir='ltr'><strong>Opimii</strong></span> <span class='ocrx_word' id='word_1_247' title='bbox 2562 3511 2947 3583; x_wconf 85' lang='lat' dir='ltr'><strong>satellitibus,</strong></span> 
     </span>
    </p>
   </div>
   <div class='ocr_carea' id='block_1_11' title="bbox 744 3606 2949 3691">
    <p class='ocr_par' dir='ltr' id='par_1_12' title="bbox 744 3606 2949 3691">
     <span class='ocr_line' id='line_1_32' title="bbox 744 3606 2949 3691; baseline 0.002 -26"><span class='ocrx_word' id='word_1_248' title='bbox 744 3616 896 3665; x_wconf 81' lang='lat' dir='ltr'><strong>Diod.</strong></span> <span class='ocrx_word' id='word_1_249' title='bbox 1036 3606 1450 3689; x_wconf 87' lang='lat' dir='ltr'><strong>occupandum</strong></span> <span class='ocrx_word' id='word_1_250' title='bbox 1474 3608 1584 3671; x_wconf 85' lang='lat' dir='ltr'><strong>fati</strong></span> <span class='ocrx_word' id='word_1_251' title='bbox 1620 3611 1925 3671; x_wconf 88' lang='lat' dir='ltr'><strong>arbitrium</strong></span> <span class='ocrx_word' id='word_1_252' title='bbox 1952 3619 2135 3683; x_wconf 88' lang='lat' dir='ltr'><strong>ratus,</strong></span> <span class='ocrx_word' id='word_1_253' title='bbox 2163 3610 2443 3691; x_wconf 81' lang='lat' dir='ltr'><strong>jugulum</strong></span> <span class='ocrx_word' id='word_1_254' title='bbox 2476 3630 2643 3671; x_wconf 79' lang='lat' dir='ltr'><strong>servo</strong></span> <span class='ocrx_word' id='word_1_255' title='bbox 2666 3608 2949 3689; x_wconf 73' lang='lat' dir='ltr'><strong>praebuit,</strong></span> 
     </span>
    </p>
   </div>
   <div class='ocr_carea' id='block_1_12' title="bbox 711 3680 2947 3797">
    <p class='ocr_par' dir='ltr' id='par_1_13' title="bbox 711 3680 2947 3797">
     <span class='ocr_line' id='line_1_33' title="bbox 711 3680 2947 3797; baseline -0.003 -27"><span class='ocrx_word' id='word_1_256' title='bbox 711 3680 1012 3797; x_wconf 39' lang='lat' dir='ltr'><strong>gfff-²¹5„-</strong></span> <span class='ocrx_word' id='word_1_257' title='bbox 1037 3704 1142 3783; x_wconf 89' lang='lat' dir='ltr'><strong>qui</strong></span> <span class='ocrx_word' id='word_1_258' title='bbox 1167 3702 1491 3780; x_wconf 88' lang='lat' dir='ltr'><strong>dominum,</strong></span> <span class='ocrx_word' id='word_1_259' title='bbox 1518 3716 1581 3767; x_wconf 92' lang='lat' dir='ltr'><strong>et</strong></span> <span class='ocrx_word' id='word_1_260' title='bbox 1600 3728 1743 3768; x_wconf 90' lang='lat' dir='ltr'><strong>mox</strong></span> <span class='ocrx_word' id='word_1_261' title='bbox 1770 3708 2149 3789; x_wconf 88' lang='lat' dir='ltr'><strong>semetipsum</strong></span> <span class='ocrx_word' id='word_1_262' title='bbox 2170 3728 2347 3789; x_wconf 88' lang='lat' dir='ltr'><strong>super</strong></span> <span class='ocrx_word' id='word_1_263' title='bbox 2370 3706 2592 3767; x_wconf 89' lang='lat' dir='ltr'><strong>domini</strong></span> <span class='ocrx_word' id='word_1_264' title='bbox 2618 3726 2837 3787; x_wconf 89' lang='lat' dir='ltr'><strong>corpus</strong></span> <span class='ocrx_word' id='word_1_265' title='bbox 2854 3706 2947 3765; x_wconf 86' lang='lat' dir='ltr'><strong>in-</strong></span> 
     </span>
    </p>
   </div>
   <div class='ocr_carea' id='block_1_13' title="bbox 1037 3800 3050 3883">
    <p class='ocr_par' dir='ltr' id='par_1_14' title="bbox 1037 3800 3050 3883">
     <span class='ocr_line' id='line_1_34' title="bbox 1037 3800 3050 3883; baseline -0 -22"><span class='ocrx_word' id='word_1_266' title='bbox 1037 3800 1288 3864; x_wconf 84' lang='lat' dir='ltr'><strong>terfecit.</strong></span> <span class='ocrx_word' id='word_1_267' title='bbox 1375 3803 1655 3865; x_wconf 83' lang='lat' dir='ltr'><strong>Manavit</strong></span> <span class='ocrx_word' id='word_1_268' title='bbox 1678 3814 1877 3865; x_wconf 89' lang='lat' dir='ltr'><strong>tamen</strong></span> <span class='ocrx_word' id='word_1_269' title='bbox 1898 3814 1961 3865; x_wconf 89' lang='lat' dir='ltr'><strong>et</strong></span> <span class='ocrx_word' id='word_1_270' title='bbox 1979 3806 2111 3865; x_wconf 83' lang='lat' dir='ltr'><strong>haec</strong></span> <span class='ocrx_word' id='word_1_271' title='bbox 2134 3804 2318 3878; x_wconf 85' lang='lat' dir='ltr'><strong>fama,</strong></span> <span class='ocrx_word' id='word_1_272' title='bbox 2361 3813 2381 3841; x_wconf 86' lang='lat'>‘</span> <span class='ocrx_word' id='word_1_273' title='bbox 2402 3805 2605 3865; x_wconf 81' lang='lat' dir='ltr'><strong>vivum</strong></span> <span class='ocrx_word' id='word_1_274' title='bbox 2630 3812 2948 3883; x_wconf 89' lang='lat' dir='ltr'><strong>utrumque</strong></span> <span class='ocrx_word' id='word_1_275' title='bbox 3041 3851 3050 3860; x_wconf 89' lang='lat'><strong>.</strong></span> 
     </span>
    </p>
   </div>
   <div class='ocr_carea' id='block_1_14' title="bbox 715 3897 2949 4394">
    <p class='ocr_par' dir='ltr' id='par_1_15' title="bbox 1035 3897 2949 3983">
     <span class='ocr_line' id='line_1_35' title="bbox 1035 3897 2949 3983; baseline -0.001 -24"><span class='ocrx_word' id='word_1_276' title='bbox 1035 3897 1464 3981; x_wconf 87' lang='lat' dir='ltr'><strong>deprehensum</strong></span> <span class='ocrx_word' id='word_1_277' title='bbox 1501 3922 1540 3961; x_wconf 88' lang='lat' dir='ltr'><strong>a</strong></span> <span class='ocrx_word' id='word_1_278' title='bbox 1577 3903 2015 3983; x_wconf 85' lang='lat' dir='ltr'><strong>percussoribus</strong></span> <span class='ocrx_word' id='word_1_279' title='bbox 2044 3922 2171 3962; x_wconf 89' lang='lat' dir='ltr'><strong>esse</strong></span> <span class='ocrx_word' id='word_1_280' title='bbox 2196 3922 2213 3963; x_wconf 73' lang='grc' dir='ltr'><strong><em>ε</em></strong></span> <span class='ocrx_word' id='word_1_281' title='bbox 2255 3911 2439 3981; x_wconf 89' lang='lat' dir='ltr'><strong>atque</strong></span> <span class='ocrx_word' id='word_1_282' title='bbox 2473 3902 2553 3960; x_wconf 90' lang='lat' dir='ltr'><strong>ab</strong></span> <span class='ocrx_word' id='word_1_283' title='bbox 2584 3901 2677 3960; x_wconf 87' lang='lat' dir='ltr'><strong>his</strong></span> <span class='ocrx_word' id='word_1_284' title='bbox 2710 3916 2949 3959; x_wconf 78' lang='lat' dir='ltr'><strong>servum</strong></span> 
     </span>
    </p>

    <p class='ocr_par' dir='ltr' id='par_1_16' title="bbox 1039 3996 2949 4081">
     <span class='ocr_line' id='line_1_36' title="bbox 1039 3996 2949 4081; baseline 0 -25"><span class='ocrx_word' id='word_1_285' title='bbox 1039 3998 1248 4077; x_wconf 86' lang='lat' dir='ltr'><strong>primo,</strong></span> <span class='ocrx_word' id='word_1_286' title='bbox 1286 3998 1388 4078; x_wconf 91' lang='lat' dir='ltr'><strong>qui</strong></span> <span class='ocrx_word' id='word_1_287' title='bbox 1415 3997 1755 4060; x_wconf 82' lang='lat' dir='ltr'><strong>Gracchum</strong></span> <span class='ocrx_word' id='word_1_288' title='bbox 1782 4019 1889 4060; x_wconf 88' lang='lat' dir='ltr'><strong>suo</strong></span> <span class='ocrx_word' id='word_1_289' title='bbox 1919 4018 2165 4081; x_wconf 84' lang='lat' dir='ltr'><strong>corpore</strong></span> <span class='ocrx_word' id='word_1_290' title='bbox 2191 3999 2454 4079; x_wconf 84' lang='lat' dir='ltr'><strong>tegebat,</strong></span> <span class='ocrx_word' id='word_1_291' title='bbox 2484 3996 2699 4059; x_wconf 91' lang='lat' dir='ltr'><strong>deinde</strong></span> <span class='ocrx_word' id='word_1_292' title='bbox 2726 3996 2949 4057; x_wconf 83' lang='lat' dir='ltr'><strong>Caium</strong></span> 
     </span>
    </p>

    <p class='ocr_par' dir='ltr' id='par_1_17' title="bbox 715 4091 2949 4394">
     <span class='ocr_line' id='line_1_37' title="bbox 1039 4091 2949 4157; baseline -0.001 -3"><span class='ocrx_word' id='word_1_293' title='bbox 1039 4095 1454 4156; x_wconf 88' lang='lat' dir='ltr'><strong>obtruncatum</strong></span> <span class='ocrx_word' id='word_1_294' title='bbox 1489 4097 1660 4157; x_wconf 87' lang='lat' dir='ltr'><strong>esse.’</strong></span> <span class='ocrx_word' id='word_1_295' title='bbox 1744 4096 1843 4156; x_wconf 91' lang='lat' dir='ltr'><strong>De</strong></span> <span class='ocrx_word' id='word_1_296' title='bbox 1870 4096 1989 4157; x_wconf 85' lang='lat' dir='ltr'><strong>fide</strong></span> <span class='ocrx_word' id='word_1_297' title='bbox 2015 4096 2269 4157; x_wconf 86' lang='lat' dir='ltr'><strong>hominis</strong></span> <span class='ocrx_word' id='word_1_298' title='bbox 2292 4091 2696 4156; x_wconf 82' lang='lat' dir='ltr'><strong>consentitur:</strong></span> <span class='ocrx_word' id='word_1_299' title='bbox 2738 4102 2949 4154; x_wconf 87' lang='lat' dir='ltr'><strong>auctor</strong></span> 
     </span>
     <span class='ocr_line' id='line_1_38' title="bbox 748 4192 2945 4261; baseline 0 -11"><span class='ocrx_word' id='word_1_300' title='bbox 748 4200 861 4251; x_wconf 77' lang='lat' dir='ltr'><strong>val.</strong></span> <span class='ocrx_word' id='word_1_301' title='bbox 881 4201 1018 4251; x_wconf 74' lang='lat' dir='ltr'><strong>Max.</strong></span> <span class='ocrx_word' id='word_1_302' title='bbox 1041 4193 1242 4252; x_wconf 91' lang='lat' dir='ltr'><strong>mortis</strong></span> <span class='ocrx_word' id='word_1_303' title='bbox 1289 4202 1353 4253; x_wconf 90' lang='lat' dir='ltr'><strong>et</strong></span> <span class='ocrx_word' id='word_1_304' title='bbox 1395 4213 1606 4254; x_wconf 87' lang='lat' dir='ltr'><strong>nomen</strong></span> <span class='ocrx_word' id='word_1_305' title='bbox 1644 4194 1705 4253; x_wconf 88' lang='lat' dir='ltr'><strong>in</strong></span> <span class='ocrx_word' id='word_1_306' title='bbox 1746 4195 1969 4255; x_wconf 86' lang='lat' dir='ltr'><strong>incerto</strong></span> <span class='ocrx_word' id='word_1_307' title='bbox 2008 4203 2117 4255; x_wconf 87' lang='lat' dir='ltr'><strong>est.</strong></span> <span class='ocrx_word' id='word_1_308' title='bbox 2202 4192 2474 4261; x_wconf 83' lang='lat' dir='ltr'><strong>Quidam</strong></span> <span class='ocrx_word' id='word_1_309' title='bbox 2508 4192 2945 4261; x_wconf 73' lang='lat' dir='ltr'><strong>Philocratem,</strong></span> 
     </span>
     <span class='ocr_line' id='line_1_39' title="bbox 715 4270 1999 4394; baseline 0.002 -47"><span class='ocrx_word' id='word_1_310' title='bbox 715 4270 932 4394; x_wconf 52' lang='grc' dir='ltr'><strong>λῗέω</strong></span> <span class='ocrx_word' id='word_1_311' title='bbox 1042 4288 1242 4370; x_wconf 88' lang='lat' dir='ltr'><strong>plures</strong></span> <span class='ocrx_word' id='word_1_312' title='bbox 1266 4288 1570 4370; x_wconf 89' lang='lat' dir='ltr'><strong>Euporum</strong></span> <span class='ocrx_word' id='word_1_313' title='bbox 1596 4288 1999 4370; x_wconf 90' lang='lat' dir='ltr'><strong>prodiderunt.</strong></span> 
     </span>
    </p>
   </div>
   <div class='ocr_carea' id='block_1_15' title="bbox 719 4380 2939 4470">
    <p class='ocr_par' dir='ltr' id='par_1_18' title="bbox 719 4380 2939 4470">
     <span class='ocr_line' id='line_1_40' title="bbox 719 4380 2939 4470; baseline -0.002 -27"><span class='ocrx_word' id='word_1_314' title='bbox 719 4392 853 4445; x_wconf 78' lang='lat' dir='ltr'><strong>Plut.</strong></span> <span class='ocrx_word' id='word_1_315' title='bbox 1121 4390 1222 4447; x_wconf 75' lang='lat'><strong>32.</strong></span> <span class='ocrx_word' id='word_1_316' title='bbox 1265 4385 1488 4470; x_wconf 88' lang='lat' dir='ltr'><strong>Capita</strong></span> <span class='ocrx_word' id='word_1_317' title='bbox 1513 4386 1869 4448; x_wconf 88' lang='lat' dir='ltr'><strong>Flaccorum</strong></span> <span class='ocrx_word' id='word_1_318' title='bbox 1888 4396 1952 4449; x_wconf 91' lang='lat' dir='ltr'><strong>et</strong></span> <span class='ocrx_word' id='word_1_319' title='bbox 1978 4385 2243 4449; x_wconf 83' lang='lat' dir='ltr'><strong>Gracchi</strong></span> <span class='ocrx_word' id='word_1_320' title='bbox 2262 4384 2454 4446; x_wconf 85' lang='lat' dir='ltr'><strong>relata</strong></span> <span class='ocrx_word' id='word_1_321' title='bbox 2468 4391 2611 4444; x_wconf 86' lang='lat' dir='ltr'><strong>sunt</strong></span> <span class='ocrx_word' id='word_1_322' title='bbox 2634 4380 2713 4442; x_wconf 85' lang='lat' dir='ltr'><strong>ad</strong></span> <span class='ocrx_word' id='word_1_323' title='bbox 2732 4399 2939 4441; x_wconf 82' lang='lat' dir='ltr'><strong>consu·</strong></span> 
     </span>
    </p>
   </div>
  </div>
 </body>
</html>
