3225 5242
720 582 928 635 umu
980 581 1233 632 nxvu.
1280 581 1930 633 survnsmnwruu.
2292 560 2466 630 4381

228 736 568 801 vexaretur,
604 718 787 789 etiam
816 720 921 809 per.
942 726 1259 788 liberorum
1282 726 1587 788 hominum
1612 724 1876 808 inopiam
1903 732 2012 787 aut
2033 730 2143 809 pe-‘

226 827 547 887 vilantiam
574 823 875 886 maleficia
902 824 1096 891 multa
1124 822 1371 886 flebant.
1431 822 1812 895 Accedebat,
1842 823 2027 905 quod,
2049 825 2140 885 in-

224 923 397 985 dicto
432 932 673 1005 propter
694 923 805 985 hos
826 932 1021 984 motus
1051 922 1316 1002 justitio,
1353 942 1549 1004 neque
1563 924 1670 1002 jus
1700 921 1946 984 dicebat
1977 921 2138 1003 quis-

226 1040 434 1101 quam,
458 1040 651 1101 neque
676 1018 1053 1081 formidabat.
1136 1019 1403 1101 Eratque
1428 1021 1559 1082 haec
1594 1018 1904 1100 aliquanto
1929 1018 2142 1079 crude·

224 1117 343 1177 lior
368 1116 565 1205 servili
589 1116 791 1199 pestis,
817 1117 979 1197 quod
1005 1115 1095 1177 illi
1122 1116 1323 1198 palam
1340 1116 1507 1179 velut
1521 1119 1664 1197 jure
1680 1114 1828 1177 belli
1848 1116 2138 1196 agebantg

222 1212 293 1273 hi
318 1213 503 1274 latere
521 1215 848 1295 cupientes,
876 1214 981 1274 ubi
1006 1234 1099 1274 res
1120 1223 1460 1295 rapuerant,
1494 1222 1602 1275 aut
1628 1213 1912 1290 animalia
1935 1214 2139 1294 abige·
2261 1286 2268 1297 .

222 1310 397 1383 bant,
436 1312 679 1371 obvium
717 1330 1012 1392 quemque
1042 1311 1169 1372 siue
1200 1310 1537 1371 discrimine
1562 1310 1778 1371 liberos
1798 1330 2136 1391 servosque,

221 1427 303 1467 ne
335 1408 470 1489 quis
508 1406 691 1467 index
726 1408 1031 1480 existeret,
1054 1406 1427 1468 occidebant.
1512 1406 1618 1468 Ita
1649 1408 1754 1468 vix
1799 1407 1876 1489 in·
1893 1408 2140 1469 urbibus

218 1504 369 1564 satis
390 1504 615 1585 cuique
632 1512 783 1577 tuta,
802 1524 936 1585 quae
962 1503 1304 1587 possideret,
1320 1503 1724 1575 habebantur3
1769 1504 1830 1564 in
1851 1506 2007 1587 agris
2029 1524 2138 1586 pro

218 1584 527 1661 derelictis
551 1607 722 1661 erant
746 1600 981 1661 omnia:
1023 1609 1087 1662 et
1109 1609 1335 1683 quanto
1359 1601 1495 1683 quis
1528 1602 1740 1683 opibus
1773 1600 2136 1673 excellebat,

218 1706 393 1759 tanto
412 1697 683 1780 pluribus
706 1698 883 1771 curis,
909 1718 1047 1760 cum
1072 1719 1151 1760 ex
1172 1699 1436 1783 maximo
1461 1718 1702 1759 numero
1727 1719 2048 1774 servorum,
2075 1708 2140 1761 et

218 1792 327 1875 qui
361 1794 636 1875 fugerant
678 1794 915 1868 infensi,
950 1803 1014 1856 et
1050 1796 1157 1875 qui
1190 1805 1587 1857 remanserant
1623 1798 1880 1878 suspecti
1919 1806 2135 1870 essent,

217 1893 407 1953 auxia
429 1892 486 1952 ei
510 1912 584 1952 ac
608 1892 843 1953 solicita
862 1893 990 1953 vita
1014 1891 1359 1973 degebamr.
1478 1916 1491 1934 ¹

300 1994 402 2050 43.
446 1986 599 2070 Spes
618 2007 855 2069 quoque
878 1987 1099 2049 frustra
1120 1988 1255 2061 fuit,
1278 1988 1403 2050 fore
1436 1980 1990 2073 ut'duoservorum
2035 2011 2128 2051 re-
2178 1988 2329 2041 Diod.
2349 1992 2458 2047 Ecl.

216 2104 347 2163 ges,
366 2084 511 2145 dum
533 2085 612 2145 ad
632 2106 695 2145 se
716 2086 967 2167 quisque
992 2106 1084 2147 res
1108 2086 1343 2147 trahere
1362 2089 1552 2168 cupit,
1580 2088 1960 2150 aemulatione
1986 2088 2126 2149 viri-
2155 2070 2348 2107 ¹¹¹⁹*

214 2202 321 2242 um
358 2183 418 2242 in
452 2192 719 2242 mutuam
739 2182 1057 2264 perniciem
1082 2181 1519 2244 colliderentur.
1604 2184 1852 2266 Quippe
1890 2182 2130 2245 Salvius

212 2298 255 2339 a
298 2278 686 2359 Morgantina.
726 2300 913 2361 usque
966 2282 1029 2341 in
1071 2278 1393 2341 Leontinos
1436 2281 1636 2343 omnia
1677 2278 2138 2364 perpopulatus,‘

208 2396 456 2436 recensu
478 2376 783 2457 copiarum
806 2376 991 2449 facto,
1012 2396 1151 2437 cum
1172 2376 1423 2439 delectae
1432 2380 1767 2457 juventutis
1787 2377 1864 2438 ad
1884 2378 2127 2457 triginta
2249 2454 2256 2461 ι

208 2470 409 2532 millia
444 2472 777 2554 reperisset,
820 2472 1099 2534 heroibus
1141 2472 1319 2534 Italis
1359 2474 1759 2536 sacrificavit:
1800 2474 2123 2563 dicataque
2168 2502 2180 2509 ·

206 2567 385 2629 velut
440 2572 503 2629 in
563 2568 893 2631 mercedem
937 2590 1233 2632 eoncessae
1277 2572 1542 2633 victoriae
1583 2592 1881 2655 purpurea
1943 2571 2122 2644 stola,

204 2666 551 2747 Tryphonis
590 2666 991 2748 appellatione
1032 2669 1113 2729 ab
1152 2668 1275 2730 suis
1322 2668 1661 2743 decoratus,
1699 2670 1789 2756 ad.
1815 2670 2124 2753 imperium

204 2761 605 2823 ordinandum
627 2764 778 2824 serio
802 2764 1067 2844 adjicere
1089 2766 1353 2826 animum
1376 2768 1574 2847 coepit.

288 2866 395 2921 44.
438 2860 721 2921 Ceterum
747 2860 947 2922 sedem
967 2863 1132 2943 regni
1154 2863 1467 2924 habiturus
1482 2862 1792 2937 Triocala,
1811 2864 1896 2926 sic
1918 2864 2122 2947 appel-

202 2957 361 3028 lata,
386 2957 548 3039 quod
570 2958 663 3019 his
679 2958 891 3031 tribus,
924 2980 1215 3041 aquarum
1244 2961 1598 3042 optimarum
1628 2962 1826 3043 copia,
1853 2964 2122 3025 bonitate

201 3056 687 3135 circumjacentis
711 3056 860 3136 agri,
883 3066 1177 3138 postremo
1211 3058 1360 3119 situs
1386 3059 1808 3138 propemodum
1831 3060 2122 3142 inexpug-

200 3152 396 3213 nabili
422 3153 787 3213 munimento
812 3156 1216 3236 praestabant:
1264 3155 1676 3217 Athenionem
1712 3158 1891 3218 acciri
1915 3160 2120 3238 jubet,

198 3258 495 3331 tanquam
516 3251 647 3329 ejus
673 3272 856 3332 opera
886 3238 1123 3315 usurus..
1202 3253 1347 3326 Ille,
1381 3262 1593 3336 praeter
1623 3254 1959 3335 opinionem
1994 3276 2120 3316 om·
2245 3290 2258 3307 .

202 3348 397 3421 nium,
433 3348 599 3409 dicto
636 3348 903 3421 audiens,
941 3349 1198 3412 dimissis
1232 3350 1311 3413 ad
1354 3351 1642 3434 praedam,
1671 3360 1735 3412 et
1765 3350 2122 3415 solicitanda

198 3445 429 3527 ubique
449 3446 690 3507 servitia
707 3448 921 3508 ceteris
942 3448 1153 3529 copiis,
1178 3469 1317 3510 cum
1339 3449 1705 3510 delectorum
1729 3450 1920 3511 tribus
1937 3450 2121 3511 milli-

194 3542 337 3615 bus,
363 3552 652 3626 tanquam
673 3544 751 3605 ad
778 3566 975 3626 regem
1001 3566 1171 3606 suum
1196 3546 1381 3607 venit.
1451 3546 1548 3607 At
1568 3546 1856 3629 Tryphon
1881 3548 2119 3609 homine

197 3648 436 3700 mature
462 3640 523 3701 in
543 3642 875 3703 custodiam
906 3642 1147 3716 tradito,
1181 3663 1255 3704 ne
1280 3643 1434 3705 forte
1468 3665 1531 3705 se
1560 3656 1954 3726 oppugnaret,
1983 3644 2115 3705 red-

196 3745 403 3797 actum
428 3738 490 3797 in
513 3748 862 3820 potestatem
883 3736 1219 3815 castellum,
1246 3762 1429 3824 supra
1452 3744 1701 3823 antiqua
1729 3744 2114 3815 munimenta,
2207 3736 2214 3743 ’

196 3834 375 3894 novis
396 3836 673 3915 operibus
698 3836 929 3897 firmat:
972 3839 1345 3921 spatiumque
1370 3840 1533 3903 circa
1566 3840 1738 3901 unius
1761 3840 1946 3901 ferme
1981 3840 2112 3901 mil-

194 3929 386 4003 liaris,
414 3930 575 3993 fossa
599 3932 893 4015 profunda
916 3935 1348 4009 circumducta,
1376 3938 1438 3998 in
1464 3938 1628 4000 urbis
1662 3938 1914 4001 formam
1950 3959 2113 4000 exae·

194 4024 434 4101 dificat,
452 4030 617 4109 regia
634 4040 956 4106 exstructa,
974 4041 1037 4093 et
1050 4032 1177 4095 foro
1198 4034 1592 4117 pulcherrimo
1610 4036 2110 4119 amplissimoque.
2177 4044 2186 4053 '

194 4120 383 4185 Neve
409 4126 555 4206 quid
580 4126 678 4188 vel
705 4128 784 4189 ad
824 4142 988 4189 usum
1015 4130 1113 4191 vel
1150 4130 1227 4191 ad
1257 4132 1513 4213 speciem
1542 4133 1710 4215 regni
1741 4134 2108 4195 desiderare-

192 4229 319 4296 tur,
339 4222 653 4285 consilium
676 4246 757 4287 ex
782 4225 1247 4310 prudentissimis
1281 4228 1613 4310 quibusque
1646 4230 1878 4309 deligit.
1961 4228 2106 4312 Ipse

192 4326 341 4399 toga
365 4328 679 4403 praetexta,
701 4324 906 4384 tunica
930 4322 1239 4387 laticlavia
1264 4326 1513 4387 amictus
1530 4328 1646 4407 'jus
1669 4327 1946 4389 dicebat:
1991 4327 2103 4389 lic-
