3225 5242
1686 569 1697 579 “
1730 568 1800 618 Τ.
1846 569 2043 620 [alvu

1099 704 1270 769 Tune
1293 707 1425 780 tibi,
1449 708 1498 769 si
1525 710 1785 771 maxime
1802 721 2041 773 senatus
2064 720 2269 773 auctor
2292 710 2485 782 fieret,
2498 712 2605 791 jus
2626 720 2691 771 et
2706 710 2801 771 fas
2824 730 3007 773 omne

1099 804 1590 879 conculcandum,
1615 809 1823 889 populi
1844 810 2179 871 libertatem
2194 808 2599 880 obterendam,
2621 808 2817 887 legum
2832 829 3007 869 reve·

1099 904 1350 963 rentiam
1385 904 1785 982 abjiciendam
1818 906 2035 986 putes?
2118 906 2405 965 Miseram
2434 926 2577 965 vero
2616 906 2836 965 civium
2868 906 3009 967 Ro-

1099 1020 1404 1061 manorum
1425 1001 1847 1073 conditionem,
1868 1024 2115 1083 quorum
2142 1011 2310 1081 terga
2332 1003 2709 1083 cervicesque
2726 1021 2851 1062 -uon
2870 1001 3009 1061 diu·

1097 1097 1216 1157 tius
1263 1106 1410 1158 tutae
1449 1108 1644 1169 erunt,
1686 1120 1868 1179 quam
1908 1100 2101 1161 donec
2150 1100 2395 1161 infestus
2440 1100 2603 1181 plebi
2644 1098 2873 1171 consul,
2914 1100 3009 1159 sui

1096 1193 1376 1255 similium
1417 1196 1873 1277 conspiratione,
1918 1198 2489 1259 senatusconsultum
2526 1197 2607 1259 ad
2648 1195 3009 1258 occidendos

1097 1292 1222 1351 sine
1238 1292 1474 1371 judicio
1495 1295 1659 1354 cives
1683 1294 1931 1355 fecerit!

1179 1394 1280 1447 54.
1325 1399 1343 1425 ‘
1365 1390 1487 1451 Sed
1519 1390 1643 1452 alia
1666 1412 1819 1453 nunc
1850 1412 1969 1454 non
1984 1411 2271 1473 exequar.
2354 1391 2433 1453 Id
2454 1392 2563 1452 Dii
2592 1411 2671 1451 ne
2692 1392 2886 1460 sirint,
2916 1395 3009 1459 ut,

1097 1483 1262 1565 quod
1285 1494 1420 1567 post
1443 1487 1685 1569 longum
1716 1498 1777 1549 et
1812 1498 2154 1551 accuratum
2194 1510 2447 1549 examen
2484 1491 2790 1549 universus
2816 1506 3011 1569 popu-

1100 1581 1192 1642 lus
1217 1582 1526 1645 Romanus
1551 1587 1820 1665 jusserit,
1846 1588 1961 1671 boc
1997 1607 2134 1669 pars
2158 1586 2385 1668 aliqua,
2412 1607 2521 1647 nec
2546 1587 2831 1659 maxima,
2860 1585 3013 1645 civi-

1099 1679 1262 1751 tatis,
1291 1683 1472 1761 possit
1495 1703 1614 1743 uno
1650 1685 2031 1745 tumultuario
2065 1684 2305 1746 decreto
2342 1684 2553 1745 tollere
2580 1684 2597 1743 i
2684 1683 2855 1745 Nam
2882 1684 3013 1743 haec

1101 1776 1343 1855 quidem
1395 1779 1446 1839 si
1498 1780 1815 1841 invaluerit
1864 1782 2255 1853 consuetudo,
2310 1792 2511 1843 actum
2558 1788 2681 1852 est,‘
2722 1781 3013 1849 Quirites.

1104 1872 1262 1939 Quis
1289 1876 1446 1935 enim
1473 1880 1799 1957 praestabit,
1826 1899 1899 1939 ne
1938 1878 2203 1959 quotidie
2236 1880 2518 1959 deinceps
2544 1878 2827 1939 adversus
2851 1878 3017 1957 leges

1103 1975 1610 2035 senatusconsulta
1636 1974 1803 2049 fiant,
1830 1985 1894 2038 et
1910 1975 2229 2037 facultates
2252 1986 2492 2047 nostrae,
2518 1996 2787 2061 corpora,
2814 1975 3015 2047 liberi,

1103 2070 1411 2148 conjuges,
1432 2072 1719 2152 quicquid
1744 2093 1948 2135 carum
1974 2074 2293 2153 unicuique
2318 2082 2703 2153 sanctumque
2728 2082 2840 2145 est,
2868 2094 3019 2153 quo-

1106 2164 1254 2225 tidie
1279 2186 1357 2228 ex
1385 2188 1707 2249 paucorum
1725 2169 2095 2231 dominorum
2115 2172 2401 2231 arbitratu
2430 2170 2729 2251 pendeat?

1189 2268 1291 2324 65.
1333 2272 1352 2300 ⁴
1389 2266 1548 2333 Quae
1573 2268 1732 2327 enim
1764 2276 1887 2327 tam
1927 2277 2097 2329 atrox
2130 2288 2313 2329 causa
2334 2278 2617 2327 extreme
2652 2268 3023 2328 necessitatis

1107 2363 1681 2423 senatusconsultum
1698 2366 1990 2425 extorsit?
2073 2364 2179 2425 An
2200 2366 2290 2426 ad
2300 2374 2499 2446 portas
2514 2363 2833 2425 Hannibal
2864 2374 3019 2435 erat,

1111 2467 1219 2518 aut
1245 2458 1616 2542 Capitolium
1644 2460 1993 2522 Herdonius
2016 2462 2237 2542 aliquis
2250 2460 2692 2555 occupaverat?
2775 2460 3021 2522 Adver-

1111 2578 1214 2619 sus
1239 2558 1518 2619 inermem
1545 2556 1985 2617 adolescentem
2012 2558 2297 2619 armanda
2320 2558 2585 2628 servitia,
2614 2556 2891 2618 ducenda
2916 2580 3021 2639 pe-

1111 2654 1344 2732 regrina
1363 2653 1590 2713 auxilia
1613 2663 1805 2725 erant,
1832 2663 1901 2716 ut
1921 2654 2293 2715 Cretensium
2318 2654 2548 2733 sagittis
2572 2654 2633 2713 in
2659 2654 2791 2734 ipsa
2814 2654 3025 2716 Roma

1113 2751 1334 2810 civium
1362 2749 1772 2810 Romanorum
1814 2770 2061 2832 corpora
2098 2750 2267 2813 velut
2296 2772 2399 2833 per
2428 2750 2747 2812 ludibrium
2772 2749 3025 2828 figeren-

1113 2846 1252 2905 tur?
1335 2845 1432 2905 At
1482 2846 1770 2907 horrenda
1813 2866 1907 2907 res
1957 2847 2269 2921 inciderat,
2326 2848 2409 2914 Q.
2464 2846 2781 2927 Antyllius
2824 2866 3025 2927 praeeo

1113 2941 1477 3003 interfectus.
1563 2942 1723 3003 Fieri
1750 2942 1811 3003 id
1838 2943 2079 3023 quidem
2102 2964 2219 3005 non
2246 2943 2539 3025 oportuit:
2578 2942 2683 3002 sed
2708 2962 2829 3021 quo
2850 2942 3025 3001 meri-

1113 3046 1180 3099 to
1205 3039 1282 3099 C.
1305 3038 1621 3101 Gracchus
1654 3038 1941 3100 invidiam
1979 3039 2125 3100 facti
2160 3040 2321 3110 tulit,
2362 3039 2521 3120 quod
2548 3045 2781 3099 constat
2804 3039 3029 3099 nemini

1115 3133 1384 3196 omnium
1407 3131 1692 3193 accidisse
1722 3133 2030 3192 acerbius?
2116 3132 2365 3193 Scilicet
2388 3132 2488 3192 hic
2514 3139 2783 3191 senatum
2808 3148 3027 3191 accen-

1115 3227 1210 3289 dit
1243 3228 1435 3302 dolor,
1477 3237 1540 3290 et
1569 3229 1651 3289 ad
1696 3229 2097 3290 ulciscendam
2142 3229 2291 3289 civis
2326 3228 2593 3289 Romani
2628 3244 2835 3287 necem
2858 3228 3031 3304 justa

1117 3324 1520 3403 indignatione
1585 3334 1917 3387 commotus
1964 3334 2053 3385 est
2082 3326 2099 3384 1
2188 3324 2245 3385 Ο
2300 3322 2704 3385 misericordes
2760 3321 3025 3383 Patres!

1119 3420 1276 3487 Quis
1315 3424 1448 3499 jam
1495 3422 1743 3495 nesciat,
1797 3430 2020 3502 quanto
2061 3419 2251 3502 plebis
2298 3441 2493 3481 amore
2534 3418 2871 3491 teneamini,
2922 3419 3032 3497 qui

1117 3526 1356 3599 propter
1377 3518 1717 3579 libertinum
1734 3519 2050 3589 hominem,
2074 3518 2449 3600 Sempronius
2464 3526 2529 3577 et
2546 3514 2825 3585 Flaccos·
2850 3534 3028 3595 prop-

1117 3618 1210 3671 ter
1233 3630 1435 3682 unum,
1457 3611 1689 3691 aliquot
1710 3611 1903 3671 millia
1926 3612 2147 3673 civium
2174 3611 2509 3671 occidistis.
2490 3609 2516 3651 Ψ

1200 3713 1300 3767 66.
1344 3705 1495 3767 ‘An
1541 3716 1602 3767 et
1642 3708 1737 3768 Μ.
1788 3707 2039 3769 Fulvius
2084 3706 2428 3788 Antyllium
2484 3670 2821 3765 interfecit?
2908 3701 3034 3763 Sed

1119 3802 1311 3864 altera
1335 3802 1563 3864 scilicet
1579 3802 1687 3863 fax
1707 3804 2013 3864 seditionis
2036 3802 2441 3882 extinguenda
2464 3802 2599 3862 fuit.
2646 3802 2817 3862 Esto.
2864 3798 3033 3867 Quid

1121 3920 1263 3961 vero
1289 3898 1486 3959 filius?
1512 3900 1805 3981 pugnavit
1822 3901 1979 3959 enim
1997 3902 2056 3959 in
2079 3899 2407 3961 Aventino.
2451 3898 2531 3958 Id
2551 3918 2785 3980 qnoque
2802 3896 3033 3965 demus,

1115 3996 1252 4075 jure
1283 3996 1652 4057 interfectum
1687 3995 1900 4068 videri,
1942 3997 2085 4076 quia
2121 4016 2239 4056 non
2278 3996 2529 4055 libenter
2562 3993 2907 4055 interfectus
2926 3999 3033 4051 oet.

1127 4090 1251 4153 Sed
1272 4093 1414 4173 quid
1436 4092 1689 4153 filiorum
1708 4093 1938 4152 minor?
1965 4113 2139 4174 quem
2158 4113 2323 4174 paene
2347 4112 2611 4173 puerum,
2628 4086 3035 4151 tantummodo

1128 4188 1287 4267 quod
1330 4190 1514 4271 patris
1549 4190 1794 4270 imperio
1832 4209 1971 4249 cum
2008 4190 2281 4270 precibus
2304 4198 2367 4248 et
2400 4188 2679 4267 lacrymis
2708 4204 2921 4267 pacem
2958 4184 3035 4244 ab

1059 4284 1068 4295 '
1131 4284 1246 4343 hoc
1285 4285 1524 4344 consule
1566 4306 1731 4345 orare
1772 4286 2067 4356 sustinuit,
2110 4286 2168 4344 in
2203 4285 2408 4345 robore
2450 4283 2781 4344 necavistis,
2869 4278 3035 4346 Quid

1136 4378 1246 4439 illa
1291 4378 1503 4442 deinde
1545 4382 1765 4444 civium
1807 4382 2215 4445 Romanorum
2262 4381 2475 4453 millia,
2514 4380 2618 4460 qui
2661 4386 2785 4439 tam
2818 4374 3033 4458 cupide
