3225 5242
713 423 892 494 4432
1678 439 1750 487 rr.
1802 438 1985 490 ιινιι

1039 593 1132 653 est
1153 593 1468 650 crematus.
1555 583 1641 646 Et
1668 604 1741 646 ne
1760 583 1981 646 Graeca
2005 585 2241 663 ingenia
2258 583 2393 664 plus
2410 582 2623 654 vidisse
2640 591 2941 665 putemus,

1001 749 1004 754 ,
1039 681 1150 745 sub
1175 682 1385 742 eadem
1423 681 1607 744 ferme
1645 690 1913 764 tempora
1941 681 2203 742 Athenis
2244 681 2397 742 alius
2430 680 2609 742 simili
2646 682 2942 763 supplicio

1039 789 1382 842 consumtus
1403 789 1513 841 est.
1595 779 1794 841 Tanta
1817 801 1891 842 eo
1908 780 2130 842 saeculo
2154 780 2485 859 ignorantia
2508 780 2631 842 veri
2662 778 2820 860 apud
2846 799 2942 840 sa-

1040 877 1454 958 pieutisdmos,
1485 885 1554 940 ut
1577 876 1881 950 rebantur,
1923 876 2198 958 populos,
2238 885 2523 958 tantaque
2552 876 2943 938 humanarum

1041 974 1366 1036 animarum
1389 974 1590 1037 vilitas
1613 974 1750 1036 fuit.

1119 1077 1220 1136 37.
1266 1070 1548 1133 Ceterum
1596 1071 1835 1133 sublato
1882 1070 2383 1152 quemadmodum
2415 1069 2677 1132 diximus
2716 1068 2945 1142 Druso,

1037 1164 1261 1228 inimici
1287 1177 1477 1230 morte
1503 1169 1685 1250 hujus
1701 1169 1939 1229 minime
1966 1169 2190 1242 satiati,
2208 1169 2448 1252 plenam
2466 1169 2775 1230 victoriam
2800 1187 2944 1228 eon-

711 1247 1014 1365 02:3⁰²·ss
961 1263 1015 1298 ¹¹²
1035 1265 1406 1346 cupiverunt.
1486 1265 1527 1325 J
1529 1285 1879 1349 amprlmum
1919 1265 1991 1326 L.
2029 1266 2323 1348 Philippo
2361 1265 2605 1326 consule
2630 1263 2941 1338 referente,

709 1391 801 1443 pro
818 1378 965 1432 Dum.
997 1347 1328 1444 quicquid
1367 1363 1471 1425 ille
1511 1363 1709 1474 le'gum
1740 1363 1985 1456 tulerat,
2019 1384 2137 1424 uno
2158 1362 2667 1424 senatusconsulto
2692 1361 2945 1427 tollitur.

711 1458 758 1495 ⁶·
785 1448 865 1495 ¹⁶·
1039 1457 1308 1520 ‘Contra
1338 1461 1606 1542 auspicia
1636 1460 1814 1532 latas,
1851 1481 2043 1540 neque
2068 1462 2159 1522 his
2182 1461 2371 1520 teneri
2398 1459 2727 1541 populumss
2767 1458 2943 1520 dicti-

957 1635 962 1640 ·
1037 1558 1266 1619 tabant.
1351 1556 1452 1618 Ex
1477 1557 1709 1618 diverso
1732 1559 1963 1640 equites
1986 1556 2275 1630 Romani,
2294 1559 2533 1638 quibus,
2559 1575 2695 1638 quae
2716 1577 2755 1618 a
2782 1555 2944 1617 Dru-

707 1657 927 1725 Appias.
1036 1674 1104 1716 so
1145 1653 1451 1736 patefacta
1481 1654 1673 1716 Curia
1704 1654 1923 1729 fuerat,
1957 1655 2169 1716 iterum
2215 1654 2662 1726 occludebatur,
2690 1653 2775 1721 Q.
2811 1653 2944 1716 Va-

709 1754 908 1872 17ἿιιΙ.
878 1756 1014 1806 Max.
1035 1751 1212 1824 rium,
1239 1771 1415 1832 quem
1443 1761 1682 1833 propter
1708 1753 2069 1814 obscurum·
2039 1773 2146 1831 Jus
2168 1752 2431 1812 civitatis
2446 1751 2947 1830 cognominabant

709 1826 1012 1936 '3524301
1039 1847 1414 1930 Hybridam,
1451 1859 1681 1910 vastum
1708 1851 2005 1912 bominem
2034 1859 2213 1930 atque
2241 1848 2486 1923 foedum,
2514 1849 2618 1909 sed
2644 1867 2761 1908 non
2782 1868 2943 1929 sper·-

709 1965 752 2000 1.
773 1954 856 2000 25.
1037 1943 1233 2006 nenda
1271 1945 1510 2006 dicendi
1537 1945 1823 2014 facultate
1850 1968 2126 2026 magnam
2153 1946 2334 2026 vulgo
2361 1947 2610 2026 gratiam
2637 1945 2945 2028 adeptum,

710 2013 861 2131 ecda.
871 2015 1011 2074 hut.
1037 2043 1403 2122 rogationem
1444 2043 1595 2102 ferre
1628 2044 2009 2124 impulerunt,
2056 2052 2165 2104 ‘ut
2204 2051 2565 2124 quaereretur
2601 2041 2719 2102 de
2702 2043 2776 2102 iis
2800 2062 2943 2124 quo—

709 2144 824 2195 Val.
841 2146 982 2198 Max.
1039 2159 1168 2200 rum
1193 2139 1338 2200 dolo
1365 2139 1526 2200 malo
1549 2141 1695 2200 socii
1717 2139 1798 2201 ad
1823 2161 1991 2200 arma
2016 2141 2100 2201 ire
2125 2141 2320 2202 coacti
2344 2138 2580 2201 essent)

741 2241 851 2294 cic.
855 2243 1011 2296 deor.
1117 2244 1217 2300 38.
1262 2236 1360 2298 Eo
1403 2238 1648 2298 crimine
1690 2238 1950 2302 civitatis
1978 2239 2274 2320 principes
2302 2239 2385 2298 rei
2413 2238 2883 2307 destinabantur,
2908 2255 2947 2296 a

712 2312 898 2424 ”ng
1037 2334 1274 2414 quibus,
1321 2355 1432 2415 pro
1467 2343 1689 2395 navata
1730 2343 1941 2395 contra
1974 2334 2292 2418 populares
2327 2344 2527 2416 partes
2568 2352 2773 2415 opera,
2812 2353 2943 2415 pro·-

709 2436 882 2502 Eclog.
1036 2434 1214 2494 missa
1251 2431 1427 2492 sociis
1466 2431 1681 2492 civitas
1724 2430 2056 2492 dicebatur.
2142 2430 2382 2492 Idcirco
2426 2432 2679 2512 equites,
2724 2429 2774 2490 si
2818 2430 2942 2502 hos,

711 2516 932 2553 nnn·
1037 2530 1125 2588 uti
1165 2526 1346 2589 facile
1385 2536 1517 2588 erat
1548 2526 1915 2608 judiciorum
1963 2537 2256 2609 potestate
2303 2527 2592 2611 praeditis,
2632 2527 2945 2588 damnatos

1035 2624 1424 2705 expulissent,
1447 2625 1675 2703 majore
1695 2623 1977 2705 deinceps
2003 2623 2243 2686 licentia
2269 2625 2553 2706 quicquid
2581 2624 2947 2686 collibuisset

707 2713 930 2782 APlfiw·
1035 2721 1223 2782 acturi
1275 2719 1650 2781 videbantur.
1736 2719 2161 2782 Intercedebat
2205 2743 2343 2802 pars
2388 2721 2797 2800 tribunorum:
2842 2721 2943 2782 sed

1035 2818 1130 2878 bis
1153 2816 1384 2897 equites
1417 2819 1638 2878 strictis
1676 2818 1814 2878 sicis
1851 2819 2297 2880 circumstantes
2326 2819 2667 2897 injecerunt
2700 2827 2943 2889 metum,

1035 2915 1386 2995 perlataque
1431 2914 1530 2976 lex
1566 2924 1678 2986 est,
1714 2933 1932 2994 magna
1966 2925 2031 2976 et
2066 2917 2339 2998 praesenti
2364 2914 2710 2996 reipublicae
2732 2913 2940 2976 clade:

1017 3019 1226 3092 'neque
1267 3011 1424 3071 enim
1465 3021 1765 3092 postrema
1799 3012 1928 3072 haec
1954 3033 2136 3072 causa
2160 3011 2295 3082 fuit,
2322 3032 2429 3072 cur
2454 3021 2784 3072 tumescens
2806 3011 2943 3073 olim

1035 3108 1258 3169 sociale
1285 3107 1537 3178 bellum,
1564 3109 1731 3170 velut
1744 3108 2008 3169 effractis
2022 3108 2313 3180 claustris,
2332 3109 2736 3169 vehementius
2754 3128 2941 3169 erum-

1034 3213 1222 3286 peret,
1249 3225 1441 3286 eoque
1467 3205 1729 3266 nondum
1755 3207 2065 3287 consopito
2088 3205 2267 3266 civile
2292 3206 2529 3286 insuper
2552 3206 2826 3266 oriretur.

1117 3307 1218 3363 39.
1263 3301 1402 3378 Sed,
1425 3304 1657 3383 equites
1702 3304 1793 3366 uti
1836 3305 2153 3364 voluerant
2188 3311 2522 3386 perrogato,
2558 3304 2789 3364 contati
2826 3323 2943 3364 non

1035 3406 1194 3472 sunt,
1221 3399 1366 3478 quin
1391 3398 1869 3481 splendidissimo
1892 3401 2109 3480 cuique
2133 3401 2468 3462 subornatis
2506 3400 2943 3461 accusatoribus

1037 3494 1366 3578 periculum
1391 3495 1772 3558 facesserent.
1857 3497 2029 3558 Inter
2054 3519 2202 3580 quos
2238 3497 2309 3560 L.
2338 3497 2703 3579 Calpurnius
2742 3497 2942 3591 Bpstia

1035 3595 1129 3656 vir
1151 3594 1499 3666 consularis,
1521 3614 1594 3668 ne
1622 3615 1684 3654 se
1719 3595 2001 3675 potestati
2032 3595 2399 3657 inimicorum
2420 3594 2711 3666 crederet,
2733 3595 2795 3655 in
2819 3594 2942 3655 exi·
3064 3609 3077 3621 ·

741 3707 1008 3763 cimaeor.
1037 3691 1204 3764 lium,
1230 3711 1413 3773 quam
1457 3692 1518 3752 in
1552 3693 1850 3773 judicium
1877 3693 1962 3754 ire
1988 3693 2222 3754 maluit.
2307 3691 2410 3754 C.⁵
2434 3691 2729 3754 Aurelius
2764 3692 2943 3775 Cotta

709 3791 803 3891 ¹¹5¹
805 3779 972 3892 ⁰⁸·Bm
971 3847 1012 3892 t.
1036 3810 1142 3872 per
1165 3790 1451 3851 invidiam
1471 3791 1779 3851 tribunatu
1800 3810 1978 3871 quem
2001 3791 2243 3873 petebat
2256 3789 2555 3871 depulsus,
2578 3790 2795 3852 deinde
2817 3790 2942 3870 lege

709 3923 756 3958 c.
775 3911 859 3957 56.
1038 3888 1234 3949 Varia
1269 3888 1633 3969 ·,postulatus
1679 3908 1862 3949 causa
1905 3887 2160 3949 facunde
2198 3889 2384 3961 dicta,
2426 3897 2495 3948 ut
2532 3897 2665 3950 erat
2707 3890 2944 3968 insignis

710 4003 930 4072 Appun.
1037 3997 1262 4060 orator,
1289 3988 1351 4048 in
1399 3987 1667 4068 equitum
1710 3988 2145 4070 impotentiam,
2182 3997 2247 4048 et
2282 3987 2549 4048 exercita
2580 3987 2943 4068 judiciorum

957 4171 960 4173 Α
1037 4088 1234 4170 speeie
1264 4085 1582 4146 latrocinia
1610 4083 1797 4147 libere
1826 4086 2118 4156 invectus,
2160 4083 2374 4152 ‘Quid
2416 4085 2594 4164 igitur
2636 4084 2942 4168 superestss

1042 4317 1100 4367 c·
1103 4255 1134 4300 6
1170 4249 1366 4366 06ῃὲιο
1389 4247 1466 4298 Μ.
1485 4246 1665 4314 quod
1650 4263 1704 4300 ιιι
1728 4245 1849 4300 edd.
1889 4248 2077 4314 priorr.
2110 4247 2407 4344 legebatur,
2434 4248 2671 4300 correxit
2700 4249 2854 4300 Crev.
2876 4261 2943 4298 ex

1089 4329 1198 4368 scer
