3225 5242
740 485 918 554 3990

1684 505 1757 557 '1'-
1807 505 1997 554 mvl!

1072 645 1396 708 exercitum
1433 667 1538 729 per
1563 645 1932 708 Thessaliam
1970 655 2183 730 proeter
2210 645 2557 708 lamiacum
2589 647 2783 709 sinum
2816 622 2987 710 insti·

741 745 882 794 oms.
902 758 957 793 v.
975 748 1029 796 ⁸.
1069 744 1189 802 tuit
1210 742 1445 803 ducere.
1526 742 1671 804 Jam
1692 743 2016 816 Critolaus,
2036 743 2277 825 adjutus
2292 745 2477 804 etiam
2496 745 2787 806 Boeoticis
2810 748 2991 806 auxi-

743 841 913 892 Zmar-

741 936 948 988 Pausan-

737 2279 948 2334 Panna.

766 3470 920 3521 Amet.
945 3471 1008 3519 de

729 3533 837 3584 vir.
852 3535 1037 3587 Illustr.

730 3601 879 3650 Oros.

729 3663 856 3714 Flor.
875 3681 892 3714 ι

725 4241 900 4309 Polyb.

1068 838 1188 910 liis,
1241 838 1609 900 Heracleam
1660 839 1996 911 obsidebat,
2048 841 2111 900 in
2160 840 2485 900 Thessaliae
2530 840 2753 902 finibus
2806 843 2991 904 sitam

1067 936 1296 1007 urbem,
1339 944 1403 996 et
1444 934 1695 996 Achaeis
1736 937 2027 997 contribui
2070 945 2463 998 recusantem.
2548 936 2673 998 Sed
2716 937 2991 1000 adventu

1069 1031 1310 1092 Metelli
1333 1033 1597 1112 cognito,
1628 1031 2095 1114 Sperchiumque
2120 1032 2366 1094 fluvium
2396 1034 2475 1094 ab
2510 1053 2585 1094 eo
2614 1043 2989 1115 superatum,

1063 1148 1144 1189 ex
1169 1129 1378 1190 insana
1401 1129 1510 1190 illa
1532 1129 1756 1191 ferocia
1778 1130 1977 1190 subito
2001 1131 2061 1189 in
2086 1139 2317 1190 tantum
2345 1150 2625 1212 pavorem
2651 1132 2885 1202 incidit,
2916 1143 2993 1193 ut

1063 1246 1256 1306 neque
1302 1227 1514 1288 eodem
1553 1226 1689 1287 loco
1739 1236 2062 1308 expectare
2108 1228 2363 1300 hostem,
2412 1246 2605 1308 neque
2650 1229 2864 1289 saltem
2920 1230 2987 1289 in

1063 1324 1348 1402 angustiis
1368 1323 1449 1385 ad
1471 1323 1905 1406 Thermopylas
1929 1323 2175 1398 auderet
2195 1325 2517 1385 consistere
2539 1345 2556 1394 3
2588 1325 2747 1386 uude
2768 1333 2989 1387 contra

1061 1419 1332 1499 ing-entes
1377 1419 1700 1480 Persarum
1752 1418 2187 1501 Gallorumque
2238 1422 2445 1502 copias
2496 1419 2701 1482 Graeci
2756 1441 2985 1502 magna

1061 1515 1207 1576 olim
1231 1517 1471 1588 virtute,
1497 1517 1834 1596 magnaque
1861 1514 2053 1594 gloria
2076 1517 2529 1579 dimicaverant.

1145 1620 1205 1674 8.
1247 1613 1356 1673 Ad
1383 1613 1765 1694 Scarphaeam
1794 1612 2061 1674 Locridis
2090 1615 2293 1675 urbem
2320 1615 2533 1676 itinere
2556 1614 2716 1694 fugoe
2742 1615 2989 1676 similli-

1064 1728 1162 1770 mo
1196 1709 1580 1780 contendens,
1620 1729 1737 1770 non
1774 1716 1975 1770 tamen
2000 1710 2291 1788 attingere
2329 1710 2497 1771 illam
2522 1712 2739 1792 potuit,
2766 1712 2917 1792 quin
2944 1731 2989 1773 a

1023 1835 1039 1851 ·
1067 1807 1348 1879 Metello,-
1371 1809 1478 1888 qui
1501 1807 1848 1868 festinanter
1880 1807 2177 1868 insecutus
2201 1807 2421 1880 fuerat,
2447 1829 2711 1890 pugnare
2736 1829 2986 1888 cogere-

1063 1913 1179 1966 tur.
1263 1904 1555 1984 Maguam
1585 1905 1671 1964 ibi
1704 1903 1929 1965 caedem
1959 1903 2139 1964 fuisse
2174 1924 2295 1972 non
2334 1895 2691 1985 ambigitur:
2744 1906 2987 1966 circiter

1064 2000 1232 2062 mille
1255 2003 1372 2064 vivi
1399 2001 1583 2083 capti.
1641 1999 1945 2062 Critolaus
1961 2009 2106 2082 post
2122 2021 2219 2060 res
2245 2000 2510 2081 perditas
2523 2001 2741 2081 judicii
2766 2003 2859 2062 sui
2886 2022 2983 2062 er·-

1066 2119 1198 2159 rore
1238 2099 1488 2181 primum
1530 2099 1756 2178 agnito,
1792 2106 1862 2159 ut
1894 2119 1959 2158 se
1991 2098 2377 2179 praesentibus
2400 2097 2577 2158 malis
2618 2098 2981 2172 exsolveret,

1070 2215 1365 2256 venenum
1397 2197 1456 2256 in
1487 2194 1635 2275 fug-a
1664 2187 1849 2255 bibit.
1934 2193 2125 2276 Apud
2162 2195 2313 2255 alios
2346 2215 2539 2276 neque
2564 2195 2757 2267 vivus,
2784 2215 2981 2275 neque

1067 2303 1330 2355 mormus
1377 2303 1641 2376 repertas
1688 2311 1815 2353 esse
1860 2300 1998 2374 post
2035 2312 2297 2373 pugnam
2348 2292 2641 2354 traditur:
2710 2313 2849 2354 cum
2896 2291 2981 2352 ad

1065 2391 1279 2453 montis
1303 2391 1471 2450 OEtae
1499 2389 1737 2451 radices
1766 2389 1969 2468 fugam
2002 2396 2261 2467 urgeret,
2294 2389 2359 2448 in
2395 2388 2543 2450 locis
2580 2389 2887 2470 paludosis
2916 2397 2983 2450 et

1061 2487 1368 2570 profundis
1391 2487 1705 2548 subsidiaee
1730 2486 2007 2547 creditus.
2052 2486 2153 2546 Ex
2178 2495 2381 2546 cetera
2404 2486 2785 2548 multitudine
2812 2486 2981 2548 mille

1062 2585 1361 2656 Arcades,
1385 2585 1627 2646 delecta
1647 2585 1937 2663 juvenum
1970 2603 2203 2655 manus,
2232 2583 2514 2644 Elateam
2550 2583 2845 2646 Phocidis
2878 2605 2979 2646 ur-

1059 2681 1198 2742 bem
1221 2685 1532 2754 concessit,
1559 2691 1624 2743 et
1647 2684 1727 2742 ab
1754 2680 2139 2743 Elatensibus
2164 2702 2273 2763 pro
2296 2677 2513 2742 veteris
2534 2682 2817 2743 amicitia
2832 2683 2977 2760 jure

1059 2778 1430 2860 hospitaliter
1453 2789 1715 2861 excepta
1736 2789 1847 2842 est.
1922 2777 2047 2839 Sed
2074 2778 2237 2840 fama
2262 2779 2455 2862 praelii
2479 2778 2560 2840 ad
2588 2778 2977 2860 Scarphoeam

1059 2877 1327 2955 vulgata,
1353 2886 1685 2938 metuentes
1710 2879 1861 2938 iram
1887 2874 2299 2937 Romanorum
2316 2876 2665 2938 Phocenses
2680 2877 2977 2938 excedere

1061 2972 1278 3056 finibus
1315 2975 1438 3036 suis
1464 2975 1745 3036 Arcadas
1765 2965 2005 3055 jubent.
2091 2973 2237 3034 Hos
2257 2974 2513 3034 reditum
2541 2995 2647 3054 per
2674 2973 2979 3036 Boeotiam

1057 3079 1380 3144 tentantes,
1401 3072 1562 3133 haud
1581 3073 1788 3155 procul
1818 3071 2151 3133 Ghaeronea
2172 3071 2461 3132 Metellus
2482 3068 2726 3132 delevit.

1138 3177 1200 3230 4.
1270 3169 1434 3231 Haec
1483 3188 1677 3230 rerum
1718 3191 1757 3230 a
1806 3169 2065 3231 Metello
2104 3178 2315 3230 contra
2361 3167 2627 3230 Aehaeos
2677 3177 2976 3247 gestarum

1056 3268 1329 3347 proxima
1359 3287 1501 3328 vero
1536 3267 1767 3328 videtur
1790 3287 1919 3328 esse
1954 3268 2235 3327 narratio.
2322 3265 2549 3346 Neque
2574 3267 2733 3328 enim
2761 3275 2871 3325 aut
2888 3265 2975 3326 de

1057 3383 1304 3424 numero
1343 3365 1677 3445 praeliorum
1722 3373 1830 3424 aut
1870 3364 1949 3425 de
1994 3365 2151 3440 loco,
2185 3362 2410 3424 similia
2450 3363 2617 3445 apud
2660 3363 2977 3444 scriptores

1056 3461 1387 3521 traduntur.
1473 3461 1837 3523 Achaeorum
1878 3461 1957 3522 sd
2009 3461 2447 3543 Thermopylas
2484 3461 2697 3539 viginti
2736 3459 2970 3530 millis:

1057 3557 1270 3618 iterum
1295 3559 1356 3618 in
1393 3558 1810 3620 Phocensibus
1847 3567 2073 3641 septem
2110 3559 2312 3620 occisa
2338 3558 2531 3618 millia
2558 3556 2854 3618 Claudius
2878 3577 2973 3618 re-

1057 3653 1190 3716 fert.
1275 3653 1353 3717 In
1378 3655 1623 3717 Achaia
1647 3655 1889 3736 quidam
1912 3665 1977 3716 et
2001 3656 2199 3716 Elidis
2222 3657 2453 3737 campis
2480 3663 2807 3736 pugnatum
2836 3645 2973 3736 pross

1054 3751 1244 3833 dunt:
1287 3753 1470 3814 etiam
1495 3753 1570 3814 de
1595 3753 1751 3815 duce
1776 3755 2031 3815 hostium
2056 3755 2401 3832 ambiguum
2428 3751 2712 3812 Valerius
2745 3751 2975 3816 Antias

1052 3848 1221 3924 facit,
1247 3852 1355 3931 qui
1393 3870 1530 3912 cum
1573 3850 1753 3912 Diaeo
1798 3871 2087 3933 pugnasse
2135 3848 2457 3911 Metellum
2498 3851 2577 3927 (si
2620 3859 2819 3910 tamen
2860 3849 2973 3912 fidi

1053 3957 1190 4008 sunt
1231 3948 1498 4028 codices)
1541 3947 1793 4030 scripsit.
1876 3948 1973 4009 At
2006 3948 2336 4029 Polybius,
2361 3947 2465 4028 qui
2492 3967 2587 4007 res
2612 3947 2975 4009 domesticas

1053 4045 1318 4123 ignorare
1357 4064 1476 4106 non
1526 4047 1743 4127 potuit,
1787 4065 1926 4105 cum
1968 4044 2267 4128 plerisque
2304 4037 2601 4114 omnibus,
2634 4043 2971 4106 Critolaum

1052 4143 1355 4203 nominat:
1399 4163 1594 4222 neque
1634 4142 1883 4203 dubium
1922 4143 2201 4214 habetur,
2228 4162 2303 4203 eo
2327 4140 2569 4202 demum
2592 4141 2833 4202 sublato
2858 4143 2969 4202 im-

1052 4241 1280 4320 perium
1305 4239 1384 4300 ad
1412 4240 1654 4300 Diaeum
1672 4241 1995 4301 revertisse.
2082 4240 2229 4301 Hoc
2255 4239 2413 4299 enim
2423 4241 2563 4319 jure
2589 4237 2809 4299 Achaei
2836 4247 2965 4298 ute-

1052 4337 1292 4408 bantur,
1319 4345 1410 4410 ut,
1435 4337 1538 4398 ubi
1565 4345 1781 4418 praetor
1805 4336 1946 4398 fatis
1962 4336 2364 4409 concessisset,
2384 4334 2491 4415 qui
2515 4335 2783 4415 proxime
2811 4355 2963 4417 prae-
