3225 5242
808 489 987 557 4040
1763 511 1836 562 τ’.
1885 509 2076 560 mvn

804 647 969 762 ΒΜ·
1216 659 1321 716 13.
1366 647 1511 714 Hoc
1536 651 1844 714 decretum
1885 654 1989 714 ubi
2031 631 2100 714 in'
2129 651 2498 736 provinciam
2523 651 2850 734 perlatum,
2875 651 3047 714 latus

860 727 1024 778 πω·
1134 771 1407 814 succenu
1425 749 1806 812 consiliorum
1825 751 2040 832 Capio
2057 749 2372 814 confestim
2391 750 2674 813 adversm
2691 749 3048 812 Viriathum

1133 848 1325 910 ducit.
1406 848 1587 910 ΑΜ
1612 849 1664 909 is
1687 857 1814 910 tum
1839 857 1994 921 erat,
2018 849 2178 910 sieut
2215 868 2332 910 non
2371 847 2551 932 plane
2589 867 2836 912 securus
2875 857 2950 910 ut
2987 853 3046 908 in

1130 946 1259 1008 fida
1296 967 1472 1028 pace,
1508 947 1597 1007 ita
1639 967 1832 1029 neque
1869 948 2018 1008 satis
2053 948 2376 1008 instructus
2413 945 2496 1008 ad
2535 945 2810 1028 pericula
2845 947 3049 1006 subito

1131 1045 1489 1124 resurgentis
1531 1043 1700 1108 belli.
1785 1043 2098 1128 Optimum
2145 1063 2224 1106 ex
2273 1045 2666 1126 presentibus
2709 1045 2933 1115 visum,
2981 1053 3048 1107 ut

1130 1141 1297 1204 Arsa
1334 1143 1461 1204 cito
1498 1144 1734 1223 agmine
1773 1162 1838 1204 se
1879 1143 2230 1225 proriperet,
2268 1143 2492 1212 omnia,
2528 1161 2652 1222 qua
2695 1141 3046 1212 incedebat,

1128 1248 1391 1312 vastans,
1418 1259 1539 1320 quo
1580 1241 1774 1300 minor
1811 1240 1966 1300 bosti
2008 1240 2188 1321 eopia
2225 1239 2514 1320 sequendi
2553 1237 2730 1300 foret.
2815 1239 3048 1304 consul

1130 1337 1277 1397 urbe
1302 1346 1547 1420 recepta
1569 1339 1866 1400 contentis
1889 1337 2203 1398 itineribus
2235 1335 2318 1398 ad
2353 1336 2808 1419 opprimendum
2834 1334 3045 1397 Viria-

1130 1435 1297 1496 thum
1347 1433 1656 1508 festinans,
1707 1435 1950 1498 tandem
2001 1437 2062 1497 in
2115 1434 2592 1518 Carpetanorum
2635 1434 2862 1496 finibus
2907 1455 3046 1496 eun

1132 1531 1351 1612 attigit.
1434 1532 1724 1594 Viriatho
1755 1553 1876 1594 non
1911 1533 2000 1594 ita
2023 1533 2180 1596 vires
2215 1551 2342 1594 ωε
2368 1531 2716 1614 placebant,
2743 1541 2816 1594 ut
2853 1531 3044 1594 form-—

1130 1647 1269 1688 nam
1304 1628 1497 1710 prelii
1532 1639 1765 1692 tentare
1800 1640 2087 1713 cuperet:
2129 1649 2326 1712 neque
2347 1629 2666 1692 videbatur
2705 1630 2876 1691 hoste
2917 1639 3044 1690 tam

1130 1727 1464 1808 propinquo
1487 1728 1795 1791 discedere
1819 1731 1976 1792 citra
1997 1747 2290 1790 summum
2315 1726 2648 1809 periculum
2673 1749 2866 1808 posse.

800 1807 1008 1926 33:2⁰2·
1026 1877 1105 1928 1⁸.
1214 1829 1309 1885 14.
1351 1824 1561 1893 Quare
1586 1825 1670 1888 ad
1691 1847 1830 1886 suas
1863 1835 2024 1888 artes
2055 1845 2374 1888 conversus
2409 1827 2472 1886 in
2511 1825 2744 1888 tumulo
2775 1825 3044 1907 quodam

802 1909 1022 2006 Appiam:
1128 1919 1527 1984 velocissimos
1554 1943 1793 1985 suorum
1831 1933 2118 2006 tanquam
2155 1931 2526 2005 pugnaturus
2561 1924 2882 1984 instruxit:
2929 1923 3046 1986 boc

1129 2041 1343 2100 agmen
1368 2019 1630 2102 reliquos
1653 2042 1760 2103 per
1783 2022 2082 2084 sinuosum
2095 2019 2318 2082 vallem
2343 2040 2408 2082 se
2433 2019 2836 2082 subdueentes
2857 2022 3043 2093 texit,

1128 2137 1201 2178 ne
1248 2116 1327 2178 ab
1370 2115 1668 2180 Romi-
1701 2117 1873 2180 fraus
1903 2117 2492 2180 animadverteretur.
2575 2116 2734 2179 Mox
2769 2137 2916 2179 cum
2941 2139 3044 2180 eos

1114 2217 1249 2295 jam
1288 2215 1435 2276 satis
1472 2216 1704 2277 itineris
1737 2217 2090 2298 precepisse
2113 2215 2408 2287 crederet,
2435 2217 2562 2297 ipse
2603 2214 2810 2296 palam
2849 2215 3042 2278 effuso

1124 2331 1301 2372 cursu
1328 2311 1638 2383 discessitz
1679 2321 1880 2375 cernis
1905 2314 2259 2396 pernicitate
2283 2333 2570 2394 equorum
2593 2313 2706 2373 sibi
2733 2323 2934 2374 tutam
2959 2316 3042 2374 ab

1124 2410 1291 2470 hoste
1342 2411 1722 2492 quantumvis
1765 2412 2102 2493 propinquo
2149 2409 2356 2490 fugam
2405 2409 2554 2471 fore.
2635 2408 2848 2472 Secuti
2899 2422 3042 2473 sunt

1125 2505 1431 2568 Romani:
1474 2507 1582 2569 sed
1606 2507 1978 2570 celeritatem
2005 2508 2422 2570 Lusitanorum
2447 2508 2602 2570 adeo
2639 2527 2884 2589 aquare
2921 2527 3038 2568 non

1124 2614 1424 2686 poterant,
1450 2615 1519 2666 ut
1556 2625 1633 2667 ne
1657 2605 1924 2687 quidem,
1950 2624 2074 2686 qua
2113 2605 2206 2666 illi
2239 2606 2343 2666 via
2379 2603 2794 2686 profugiment,
2820 2604 3038 2686 depre-

1123 2699 1385 2764 hendere
1436 2700 1563 2763 ullo
1614 2703 1840 2764 indicio
1888 2711 2148 2784 possent.
2229 2701 2458 2764 Consul
2503 2703 2566 2764 in
2611 2701 2926 2764 Vectones
2975 2714 3040 2765 et

1124 2799 1433 2862 Gallaecos
1456 2798 1679 2860 effudit
1699 2799 1870 2872 iram,
1897 2798 2140 2881 lateque
2165 2799 2490 2883 populatus
2523 2819 2719 2880 agros,
2747 2799 3038 2862 Viriatho

1120 2917 1288 2977 spem
1314 2895 1675 2957 auxiliorum
1700 2915 1781 2958 ex
1807 2897 1934 2958 istis
1952 2898 2230 2977 gentibus
2253 2895 2524 2959 absmlit.
2607 2896 2738 2965 Qui
2761 2899 2870 2958 ubi
2897 2919 3034 2979 gra-

794 3001 923 3052 Flor.
940 3015 1001 3052 n.
1018 3005 1100 3053 17.
1120 2995 1253 3056 vius
1272 2995 1333 3054 in
1352 2993 1481 3056 dies
1499 2993 1728 3055 bellum
1747 2992 1880 3054 fieri
1894 2993 2083 3067 videt,
2104 2994 2442 3076 multosque
2459 2993 2756 3056 sociorum
2773 2995 2932 3057 alios
2950 2999 3035 3070 vi,

792 3067 1067 3182 vssc‘ilff‘
1122 3091 1272 3152 alios
1286 3100 1497 3174 sponte
1512 3110 1551 3151 a
1568 3091 1842 3173 partibus
1857 3093 1980 3152 suis
1992 3090 2275 3163 deficere,
2291 3093 2576 3152 interesse
2601 3091 2930 3154 arbitratus
2943 3096 3032 3155 in-

791 3197 931 3274 lune.
1118 3199 1286 3269 teger
1314 3209 1389 3251 an
1414 3189 1611 3250 victus
1637 3207 1846 3269 pacem
1867 3197 2122 3270 peteret,
2141 3199 2464 3269 antequam
2481 3188 2653 3268 signa
2667 3189 3032 3265 conferrent,

790 3261 983 3374 ,ᾖξ’
1120 3287 1199 3348 ad
1234 3286 1609 3348 conditiones
1641 3285 1934 3367 respicere
1969 3287 2186 3367 coepit:
2229 3286 2420 3346 missis
2443 3286 2572 3366 qui,
2598 3286 2842 3366 quando
2865 3289 3034 3370 prius

826 3389 925 3439 Dio
946 3361 1027 3454 ip.
1117 3382 1309 3444 foedus
1332 3382 1756 3466 displicuisset,
1781 3382 1928 3464 quid
1953 3382 2097 3445 addi
2121 3383 2360 3446 demive
2388 3381 2596 3444 consul
2621 3383 2834 3458 vellet,
2860 3405 3029 3468 qun-

786 3453 933 3571 }:ln
964 3455 1057 3505 Ur·
1114 3489 1331 3541 terent·
1498 3497 1512 3504 -

1197 3583 1299 3638 15.
1342 3577 1567 3639 Eorum
1619 3579 1762 3640 talis
1809 3579 2005 3640 oratio
2052 3576 2206 3640 fuit:
2265 3586 2284 3615 ⁶
2304 3577 2852 3646 Quatuordecimns
2893 3581 3032 3660 jam

1114 3683 1305 3736 ennus
1330 3677 1527 3755 agitur
1552 3675 1724 3748 belli,
1751 3676 1913 3758 quod
1939 3676 2244 3738 vobiscum
2271 3677 2548 3755 gerimus.
2630 3674 2776 3737 Nec
2801 3695 3028 3737 memo-

1114 3787 1245 3832 rare
1288 3771 1497 3834 clades
1536 3793 1688 3854 opus
1728 3783 1858 3834 est:
1899 3793 1976 3834 ne
2017 3773 2116 3834 vel
2159 3781 2442 3854 acceptas
2479 3773 3027 3845 commemorando,

1112 3868 1381 3930 dolorem
1420 3879 1684 3932 nostrum
1724 3890 2082 3952 augeamusz
2139 3869 2238 3933 vel
2281 3869 2502 3941 illatas,
2543 3872 2776 3932 animos
2817 3889 3026 3931 eorum

1112 3969 1560 4040 exacerbemus,
1596 3968 1816 4051 quibus
1853 3989 1992 4030 cum
2031 3969 2292 4030 maxime
2333 3969 2590 4051 placatis
2629 3970 3028 4052 propitiisque

1110 4085 1263 4147 opus
1284 4075 1396 4127 est.
1476 4066 1672 4128 Pacis
1693 4067 1851 4128 enim
1879 4065 2154 4147 petenda
2185 4085 2370 4128 causa
2395 4065 2698 4140 adsumus,
2725 4087 2912 4148 quam
2939 4067 3028 4128 ita

1108 4163 1534 4235 desideramus,
1572 4174 1664 4238 ut,
1697 4173 1957 4246 excepta
1991 4164 2295 4235 libertate,
2331 4163 2482 4224 nihil
2522 4163 2786 4225 habituri
2813 4162 3023 4224 videa-

1108 4275 1241 4320 mur
1267 4262 1585 4342 antiquius.
1671 4261 1915 4323 Idcirco
1939 4281 2076 4322 cum
2101 4261 2194 4321 his
2218 4261 2516 4324 mandatis
2553 4261 2856 4344 principes
2887 4281 3022 4323 nos·

1106 4357 1183 4416 tri
1210 4377 1317 4418 nos
1340 4358 1646 4432 miserunt,
1673 4369 1744 4420 ut
1767 4358 1914 4420 nihil
1941 4377 2146 4421 eorum
2175 4377 2312 4440 quae
2340 4357 2470 4420 fieri
2508 4367 2748 4440 possent
2783 4379 3020 4420 recusa-
