3225 5242
758 547 967 596 mam
1020 546 1235 595 mxiv,
1278 546 1630 597 surrnssu
1647 528 1932 596 surum.

298 694 403 749 29.
446 696 465 723 ⁸
498 686 593 749 At
636 689 740 770 qui
783 698 922 748 sunt
971 688 1057 758 hi,
1100 688 1205 770 qui
1252 688 1680 769 rempublicam
1721 688 2126 769 occupavere?

222 784 527 846 Homines
550 784 1001 855 sceleratissimi,
1032 785 1289 845 cruentis
1324 786 1618 857 manibus,
1657 785 1898 845 immani
1935 784 2128 845 avari»

216 883 329 951 tia,
384 882 801 953 nocentissimi,
854 882 1147 962 iidemque
1209 883 1632 963 superbissimi,
1694 884 1908 962 quibus
1957 882 2128 954 fides,

218 976 423 1049 decus,
472 979 685 1059 pietas,
729 986 1023 1060 postremo
1062 978 1310 1045 honesta
1358 989 1537 1060 atque
1588 979 1898 1039 inhonesta
1933 980 2134 1039 omnia

220 1074 472 1155 quaestui
494 1083 647 1135 sunt.
733 1074 891 1135 Pars
924 1094 1127 1135 eorum
1158 1074 1441 1136 occidisse
1478 1076 1746 1137 tribunos
1779 1074 1990 1156 plebis,
2029 1074 2132 1135 alii

220 1172 577 1250 quaestiones
622 1172 892 1250 injustas,
935 1171 1201 1252 plerique
1243 1172 1489 1241 caedem,
1506 1173 1569 1234 in
1611 1192 1720 1233 vos
1755 1171 1982 1243 fecisse,
2025 1192 2133 1253 pro

221 1267 589 1328 munimento
628 1267 868 1327 babent.
974 1266 1103 1341 Ita,
1144 1288 1325 1349 quam
1374 1271 1627 1351 quisque
1672 1270 1924 1351 pessime
1966 1268 2132 1340 fecit,

220 1372 345 1423 tam
387 1365 645 1424 maxime
678 1371 840 1425 tutus
872 1373 996 1425 est:
1042 1375 1263 1427 metum
1289 1386 1328 1427 a
1350 1367 1569 1427 scelere
1592 1387 1702 1427 suo
1727 1366 1806 1427 ad
1839 1365 2136 1446 ignaviam

219 1470 483 1521 vestram
520 1460 903 1521 transtulere:
947 1482 1095 1541 quos
1133 1482 1360 1535 omnes,
1397 1464 1607 1525 eadem
1642 1484 1880 1545 cupere,
1921 1464 2134 1525 eadem

218 1556 443 1629 odisse,
478 1558 689 1619 eadem
731 1568 995 1619 metuere
1040 1561 1103 1619 in
1144 1580 1327 1620 unum
1356 1560 1573 1641 coegit.
1657 1559 1783 1621 Sed
1815 1561 1948 1624 haec
1983 1562 2136 1621 inter

218 1657 415 1715 bonos
440 1656 723 1726 amicitia,
754 1656 905 1715 inter
930 1656 1123 1717 malos
1144 1655 1334 1717 factio
1358 1667 1471 1719 est.

306 1758 413 1812 3⁰.
458 1760 477 1787 ⁸
508 1752 691 1819 Quod
716 1752 767 1811 si
792 1760 915 1813 tam
938 1773 1047 1813 vos
1071 1753 1365 1815 libertatis
1388 1773 1593 1815 curam
1619 1754 1935 1827 haberetis,
1956 1774 2136 1836 quam

220 1847 313 1907 illi
341 1848 424 1908 ad
450 1848 911 1910 dominationem
938 1852 1169 1911 accensi
1194 1861 1352 1923 sunt,
1366 1852 1650 1933 profecto
1677 1872 1870 1933 neque
1895 1852 2136 1933 respub-

222 1946 369 2017 lica,
415 1947 591 2006 sicuti
637 1966 815 2017 nunc,
860 1956 1223 2019 vastaretur3
1276 1957 1341 2009 et
1388 1947 1682 2011 beneficia
1721 1958 1918 2011 vestra
1960 1968 2140 2030 penes

220 2045 508 2124 optimos,
548 2062 669 2103 non
712 2043 1151 2116 audacissimos,
1186 2046 1397 2105 forent.
1482 2046 1754 2125 Majores
1789 2048 1990 2118 vestri,
2033 2068 2138 2128 pa-

220 2140 401 2201 randi
428 2142 583 2220 juris
627 2150 691 2201 et
732 2143 1059 2221 majestatis
1090 2143 1517 2204 constituendae
1542 2144 1754 2222 gratia,
1781 2144 1874 2203 bis
1907 2164 2014 2224 per
2047 2164 2139 2205 se-

219 2240 551 2299 cessionem
594 2238 805 2297 armati
846 2238 1214 2300 Aventinum
1248 2260 1649 2321 occupavere:
1691 2260 1800 2303 vos
1829 2261 1934 2321 pro
1961 2241 2140 2302 liber-

222 2344 379 2407 tate,
406 2355 585 2417 quam
626 2336 705 2395 ab
744 2334 869 2395 illis
903 2338 1234 2418 accepistis,
1264 2357 1456 2399 nonne
1492 2356 1722 2399 summa
1759 2358 1873 2419 ope
1911 2340 2139 2399 nitemis·
2205 2399 2212 2409 ,

224 2431 291 2491 ni
310 2432 337 2491 2
423 2431 635 2513 Atque
662 2452 737 2492 eo
760 2432 1187 2507 vehementius,
1214 2456 1337 2516 quo
1356 2437 1549 2515 majus
1572 2434 1834 2497 dedecus
1857 2445 1947 2495 est
1972 2447 2144 2517 parta

226 2528 526 2599 amittere,
552 2550 731 2608 quam
766 2532 1007 2593 omnino
1042 2552 1160 2592 non
1194 2534 1513 2613 paravisse.

313 2631 419 2684 31.
458 2635 475 2661 ⁶
503 2625 685 2687 Dicet
710 2626 944 2709 aliquis,
972 2628 1117 2710 quid
1150 2630 1329 2709 igitur
1367 2630 1612 2691 censes?
1695 2628 2142 2691 Vindicandum

230 2722 295 2781 in
324 2742 450 2793 eos,
475 2724 580 2803 qui
601 2724 753 2805 hosti
774 2724 1085 2805 prodidere
1104 2726 1552 2807 rempublicam,
1580 2746 1699 2787 non
1727 2710 1927 2799 manu,
1953 2748 2144 2808 neque

227 2820 330 2887 νίς
378 2819 569 2898 (quod
614 2822 805 2899 magis
842 2842 949 2882 vos
993 2822 1225 2895 fecisse,
1262 2844 1441 2905 quam
1468 2824 1590 2883 illis
1616 2824 1924 2897 accidisse,
1953 2824 2144 2902 indig-

228 2934 379 2974 num
403 2926 497 2975 est
512 2919 561 2995 ς)
582 2936 785 2977 verum
809 2918 1250 2997 quastionibus,
1278 2927 1340 2979 et
1354 2918 1585 2979 indicio
1610 2920 1792 3000 ipsius
1814 2918 1856 2979 J
1859 2921 2145 2999 ugurthae.

235 3011 373 3079 Qui
419 3012 470 3071 si
502 3011 805 3075 dedititius
828 3021 941 3085 est,
978 3014 1245 3095 profecto
1273 3016 1457 3094 jussis
1477 3016 1688 3075 vestris
1712 3014 1992 3075 obediens
2017 3017 2144 3076 erit.

234 3106 347 3167 Sin
378 3127 453 3168 ea
476 3110 819 3180 contemnit,
846 3109 1077 3171 scilicet
1101 3111 1488 3181 oestimabitis,
1514 3110 1710 3191 qualis
1736 3110 1846 3171 illa
1871 3130 2015 3192 pax,
2041 3122 2150 3172 aut

232 3202 465 3264 deditio
498 3205 599 3276 sit,
628 3224 706 3264 ex
736 3226 857 3287 qua
889 3205 968 3266 ad
1010 3205 1369 3285 Jugurtham
1395 3206 1680 3267 scelerum
1704 3208 2042 3287 impunitas,
2069 3207 2148 3268 ad

234 3320 465 3381 paucos
499 3310 771 3381 potentes
804 3303 1083 3363 inaximae
1118 3302 1365 3375 divitiae,
1392 3304 1452 3363 in
1480 3302 1906 3385 rempublicam
1927 3303 2150 3379 damna

234 3409 421 3477 atque
455 3395 751 3458 dedecora
788 3400 1177 3477 pervenerint.

322 3500 425 3554 32.
470 3502 489 3530 ‘
518 3492 661 3553 Nisi
686 3493 835 3555 forte
860 3494 1121 3555 nondum
1148 3497 1329 3557 etiam
1364 3518 1472 3558 vos
1506 3496 1926 3558 dominationis
1949 3516 2150 3557 eorum
2205 3462 2211 3471 .

234 3590 483 3651 satietas
512 3598 709 3651 tenet:
754 3598 815 3651 et
840 3590 970 3662 illa,
998 3610 1177 3673 quam
1213 3593 1343 3654 haec
1367 3602 1658 3675 tempora,
1676 3594 1863 3675 magis
1887 3593 2150 3675 placent,

236 3708 383 3749 cum
422 3707 623 3766 regna,
665 3688 1011 3767 provinciae,
1048 3688 1231 3767 leges,
1260 3692 1431 3769 jura,
1456 3690 1714 3769 judicia,
1749 3691 1934 3762 bella,
1971 3699 2150 3771 atque

236 3802 447 3864 paces,
492 3792 785 3865 postremo
824 3782 1031 3845 divina
1073 3792 1137 3845 et
1178 3786 1440 3846 humana
1477 3786 1677 3846 omnia
1716 3806 1894 3866 penes
1931 3806 2154 3868 paucos

238 3889 449 3949 erant;
490 3900 597 3940 vos
632 3889 853 3950 autem,
888 3880 1003 3941 hoc
1038 3890 1149 3952 est,
1183 3881 1439 3962 populus
1469 3880 1802 3952 Romanus,
1829 3882 2038 3941 invicti
2075 3883 2153 3941 ab

240 3968 534 4048 hostibus,
586 3976 967 4057 imperatores
1010 3977 1273 4037 omnium
1325 3979 1608 4057 gentium,
1659 3978 1802 4037 satis
1845 3976 2157 4039 habebatis

242 4074 507 4133 animam
531 4072 799 4133 retinere.
884 4071 1055 4157 Nam
1089 4074 1429 4135 servitutem
1453 4073 1696 4153 quidem
1730 4074 1866 4153 quis
1898 4085 2154 4133 vestrum

242 4190 517 4232 recusare
558 4168 865 4228 audebat?
946 4168 1157 4250 Atque
1197 4190 1309 4249 ego
1346 4170 1579 4231 tametsi
1608 4170 1737 4230 viro
1773 4168 2157 4248 flagitiosissi-

244 4266 411 4327 mum
462 4266 739 4326 existimo
790 4266 1029 4345 impune
1080 4267 1355 4345 injuriam
1404 4266 1740 4348 accepisse:
1784 4274 2004 4335 tamen,
2049 4285 2159 4325 vos

246 4363 581 4423 bominibus
619 4361 1081 4423 sceleratissimis
1122 4364 1442 4441 ignoscere,
1483 4362 1762 4445 quoniam
1801 4362 1959 4423 cives
1998 4370 2156 4433 sunt,

2277 526 2452 593 4268
