3225 5242
815 590 1027 640 nunu
1080 588 1244 639 uxi.
1291 589 1943 641 susannam-uu.
2309 572 2485 639 42⁰1

255 744 392 797 snut
414 734 740 807 interfecti,
757 744 824 795 ut
847 754 924 795 ne
959 736 1215 817 spatium
1255 734 1497 815 quidem
1535 733 1931 814 cognoscendi
1956 750 2167 795 causas

255 833 522 895 relictum
541 830 739 904 fuerit,
759 832 990 892 etiamsi
1016 832 1380 913 propositum
1407 830 1717 891 affuisset?
1806 826 1813 835 ’

259 956 268 972 ·
331 936 437 993 67.
483 938 502 967 ‘
523 928 686 997 Quae
727 929 931 989 omnia
971 928 1024 989 si
1061 931 1232 1008 jussu
1269 936 1332 987 et
1374 927 1687 988 voluntate
1720 935 1962 987 senatus
2000 934 2169 1006 gesta

253 1033 414 1097 sunt,
437 1024 585 1107 quid
607 1024 808 1085 dicam
831 1024 1050 1085 nescio.
1135 1023 1246 1085 Sin
1271 1033 1334 1084 et
1358 1043 1395 1084 a
1421 1032 1637 1087 natura
1658 1024 2067 1095 hominum,‚et
2086 1025 2165 1083 ab

255 1120 462 1183 officio
473 1124 718 1193 civium,
744 1130 811 1183 et
833 1140 872 1181 a
895 1120 1195 1200 dignitate
1222 1118 1570 1202 amplissimi
1599 1118 1823 1205 ordinis
1846 1120 2165 1181 vehemen-

253 1228 346 1279 ter
369 1219 710 1291 abhorrent,
735 1238 842 1279 cur
877 1216 1311 1297 agnoscuntur?
1325 1222 1358 1259 ⁴
1377 1220 1504 1277 ‘cnr
1525 1216 1769 1277 istorum
1796 1216 2079 1279 invidiam
2106 1218 2167 1277 in

257 1336 318 1376 se
343 1317 630 1398 recipere,
653 1336 834 1397 quam
859 1316 922 1375 in
949 1315 1020 1375 L.
1051 1314 1298 1396 Opimio
1321 1314 1566 1387 haerere,
1585 1314 1849 1375 civitatis
1874 1314 2171 1395 principes

253 1412 489 1474 malunt
503 1414 532 1473 ’ἒ
570 1434 678 1475 cur
701 1421 794 1474 tot
817 1412 1038 1492 egregii
1057 1412 1170 1472 viri
1195 1412 1472 1473 maximis
1495 1412 1702 1493 populi
1722 1410 2029 1473 beneficiis
2052 1414 2169 1481 usi,

254 1508 482 1571 adestis
503 1510 644 1572 huic
667 1512 814 1571 reo?
838 1510 1098 1572 favetis?
1121 1508 1407 1580 studium,
1435 1512 1712 1589 gratiam,
1732 1509 2169 1579 auctoritatem,

253 1624 491 1679 vocem,
525 1606 990 1669 accommodatis
1005 1608 1034 1666 ἲ
1116 1604 1226 1668 Ad
1263 1628 1372 1668 vos
1411 1609 1568 1667 enim
1609 1607 1935 1669 orationem
1977 1611 2171 1668 meam

253 1714 563 1777 converto,
605 1714 786 1785 teque
823 1705 1195 1775 nominatim,
1229 1703 1307 1765 G.
1337 1704 1565 1777 Carbo,
1599 1724 1777 1784 quem
1803 1700 2079 1784 equidem
2110 1703 2171 1761 in
2276 1782 2283 1789 ·

253 1804 390 1865 istis
425 1802 762 1864 subselliis·
808 1802 1070 1884 conspici
1103 1802 1302 1874 miror,
1346 1810 1413 1862 nt
1445 1820 1686 1863 causam
1726 1800 1929 1883 populi
1966 1799 2173 1861 consul

255 1920 589 1983 oppugnes,
631 1920 814 1982 quam
837 1900 1108 1961 tribunus
1141 1900 1376 1973 acriter,
1413 1918 1524 1960 nec
1559 1900 1687 1960 siue
1724 1899 1933 1978 gloria,
1970 1896 2170 1957 defen-

339 2102 446 2157 58.
490 2094 646 2155 Cum
679 2095 810 2157 haec
853 2104 1036 2177 atque
1069 2095 1220 2157 talia
1252 2095 1430 2157 homo
1471 2096 1711 2157 minime
1746 2092 1941 2155 infans
1970 2094 2175 2155 mrbu-
2233 2096 2342 2149 Cic.
2380 2096 2503 2147 Bm-

255 2192 428 2254 lenta
451 2194 718 2255 oratione
731 2194 1001 2272 jecisset,
1024 2192 1104 2255 C.
1131 2192 1338 2255 Carbo
1355 2194 1583 2265 consul,
1605 2194 1865 2274 optimus
1888 2191 2009 2251 illis
2023 2200 2175 2253 tem·
2197 2166 2441 2279 ζῗᾈῗῐζῗε·

259 2290 506 2371 poribus
530 2297 836 2371 patronus,
875 2290 962 2350 rei
986 2288 1388 2351 defensionem
1413 2292 1602 2363 orsus,
1644 2298 1663 2327 ‘
1690 2288 1937 2359 Recte‚’
1962 2288 2177 2368 inquit,
2238 2332 2241 2335 -

259 2394 280 2423 ‘
309 2386 404 2447 P.
449 2384 632 2459 Deci,
673 2386 1008 2447 tribunatus
1047 2406 1142 2447 me
1173 2386 1546 2448 admonuisti.
1633 2384 1803 2447 Nam
1828 2394 1891 2447 et
1914 2404 2027 2464 ego
2051 2392 2179 2447 tum
2268 2449 2278 2457 ,

258 2483 436 2543 annis
453 2491 518 2543 et
531 2480 769 2562 judicio
795 2480 1104 2555 infirmior,
1131 2482 1338 2548 eodem
1365 2504 1545 2565 paene-
1559 2482 1759 2554 modo,
1788 2502 1916 2563 qno·
1932 2491 1999 2542 tu
2024 2500 2181 2542 nuno

231 2580 466 2639 'facere
487 2598 794 2659 aggressus
826 2600 913 2652 es,
943 2600 1052 2661 per
1081 2600 1324 2641 causam
1362 2580 1737 2643 Gracchanae
1764 2579 1949 2650 necis,
1990 2577 2183 2638 mul-ta
2226 2650 2235 2659 ,

257 2676 415 2739 mibi
465 2677 528 2737 in
577 2676 826 2737 civitate
869 2676 1172 2739 turbanda·
1215 2698 1342 2739 esse
1383 2680 1849 2739 existimabam.'
1907 2676 2030 2737 Sed
2074 2676 2181 2737 nbi

258 2792 472 2833 omnes
505 2782 736 2834 nostros
777 2773 1095 2858 principes,
1133 2774 1238 2856 qui
1271 2775 1436 2835 domi
1474 2775 1735 2857 forisque
1770 2773 2182 2855 praestantissi·

259 2888 425 2929 mm
469 2868 813 2951 reipublicae
855 2890 1094 2950 operam
1135 2880 1523 2944 navaret-ant,
1569 2872 1879 2953 ipsumque
1915 2869 2068 2930 adeo
2094 2870 2181 2931 P:

261 2963 610 3046 Scipionem
660 2965 1044 3039 Africanum,
1097 2968 1158 3027 iu
1211 2968 1333 3029 alia
1382 2968 1679 3029 sententia
1721 2988 1847 3028 esse
1892 2967 2179 3046 cognovit

259 3063 449 3122 subiit
485 3063 760 3125 animum.
788 3082 988 3125 mcum
1027 3062 1343 3135 dubitatio,
1389 3084 1689 3146 nunquam
1732 3063 2001 3145 profecto
2026 3066 2185 3143 ejus-

261 3158 430 3219 modi
453 3160 613 3221 viros
635 3160 887 3221 inultam
920 3159 1230 3221 clarissimi
1264 3162 1522 3241 juvenis·
1542 3160 1768 3223 caedem
1794 3180 2067 3241 passuros
2089 3159 2185 3219 fu·-

263 3254 418 3327 iue,
447 3256 562 3316 nisi
599 3255 859 3337 publicae
913 3256 1132 3337 quietis
1173 3256 1597 3338 felicitatisque
1640 3256 1897 3318 studium
1944 3256 2191 3339 privatis
2232 3296 2243 3305 ·

264 3352 596 3412 rationibus
621 3354 1109 3435 anteposuissent.

349 3454 455 3509 69.
498 3458 517 3486 ‘
537 3448 696 3509 Tum
732 3471 876 3512 vero
901 3451 1138 3512 refrixit
1163 3452 1533 3513 inconsultus
1559 3452 1755 3523 ardor,
1784 3450 2191 3529 absurdusque

265 3544 414 3605 mihi
457 3546 649 3607 videri
683 3548 860 3629 coepi‚
982 3568 1080 3610 me
1117 3557 1223 3609 ant
1257 3549 1394 3629 plus
1423 3548 1627 3609 videre
1662 3548 1985 3618 crederem,
2012 3566 2191 3627 quam

269 3642 370 3701 isti
407 3650 505 3702 tet
547 3642 962 3724 sapientissimi
1007 3645 1272 3707 homines
1312 3644 1633 3706 vidissent:
1684 3655 1789 3705 aut
1830 3644 1963 3726 plus
1993 3662 2191 3703 amare

271 3738 721 3819 rempublicam,
763 3760 946 3822 quam
978 3762 1229 3821 quorum
1267 3743 1329 3801 in
1365 3742 1522 3803 hanc
1563 3750 1735 3803 tanta
1770 3749 2046 3802 extarent
2072 3760 2193 3801 me·

270 3832 420 3896 risa-z
477 3844 584 3897 aut
623 3838 893 3899 amicitia
935 3836 1196 3899 Gracchi
1245 3840 1598 3920 permoveri,
1636 3857 1773 3899 cum
1820 3838 2031 3898 sororis
2072 3854 2193 3895 suae

367 4048 404 4096 ⁴
437 4044 770 4107 'ww
786 4048 932 4099 Cler·
1005 4050 1370 4113 cognoscuntur
1389 4048 1610 4115 reliquo
1635 4046 1760 4125 edd.
1780 4054 1903 4097 ants
1926 4020 2083 4097 (ἶπον.

339 4286 370 4315 ⁸
395 4278 463 4329 In
493 4279 607 4330 istis
639 4282 898 4347 subselliis]
934 4286 1068 4336 Cum
1108 4299 1192 4335 res
1275 4290 1544 4335 morantur
1578 4298 1609 4333 a
1636 4283 1821 4347 priscis
1837 4280 2199 4347 scriptoribus,

280 4343 356 4392 ω’
379 4347 625 4409 populum
665 4351 932 4409 ageretur,
970 4365 1195 4414 praepos·
1275 4352 1374 4399 nisi
1398 4349 1452 4399 in
1479 4350 1542 4399 iis
1564 4349 1735 4399 causis
1760 4364 1877 4414 qum
1899 4348 2041 4413 apud
2054 4346 2197 4413 judi·

265 4416 394 4458 -cers
436 4410 524 4459 bic
559 4410 768 4463 videtur
803 4416 1196 4466 cue-subsem-
1259 4428 1366 4466 ·ces
1391 4415 1831 4479 disceptat-emur.
1868 4414 2011 4463 Grec.

283 4486 426 4523 orum
459 4477 674 4533 mentio,
696 4492 813 4542 quae
847 4494 946 4529 non
975 4494 1195 4531 conme-

411 4556 585 4619 Delph.
601 4563 648 4608 et
679 4558 796 4611 Vnr.
815 4560 946 4613 Clas.
1269 4560 1457 4612 Livius.
2246 4560 2309 4608 12
2343 4556 2392 4606 Ρ

296 4709 330 4736 Ἴ
