3225 5242
872 424 893 455 l

679 478 855 553 4064
1216 488 1222 497 '
1496 570 1507 583 ·
1651 504 1722 553 τ.
1775 488 1960 553 mvn

1008 644 1223 707 neficio
1250 648 1429 710 vinci.
1514 641 1674 709 Cum
1712 668 1948 713 servare
1987 656 2094 711 aut
2123 646 2367 732 perdere
2392 654 2654 709 vestrum
2679 648 2906 710 exerci-

1008 752 1135 803 tum
1160 744 1222 803 in
1248 763 1425 805 mann
1450 752 1650 807 nostra
1673 754 1850 817 emet,
1874 746 2040 828 quod
2062 744 2372 807 humanius
2395 753 2525 806 erat
2541 744 2815 818 fecimus,
2843 747 2929 805 ιιι

1005 838 1431 901 dimitteremus
1453 841 1832 903 incolumem.

1087 942 1189 997 26.
1232 935 1405 997 ‘Pro
1426 936 1543 999 boc
1566 939 1799 1019 merito,
1825 940 1934 998 ιιι
1903 958 2038 1018 Jam
2063 938 2324 1019 pristinae
2339 934 2622 999 foederum
2645 938 2910 1018 spor-io-

1006 1051 1111 1093 nes
1116 1032 1367 1108 sileant,
1402 1044 1597 1097 nostro
1625 1036 1764 1115 jure
1789 1056 1998 1119 pacem
2023 1036 2460 1118 amicitiamque
2479 1034 2780 1116 postulare
2805 1054 2910 1116 po-

1006 1138 1299 1193 teramus:
1338 1131 1445 1193 sed
1472 1132 1766 1193 malumus
1791 1130 2062 1215 precibus
2083 1152 2280 1213 agere,
2301 1152 2526 1214 vosque
2565 1152 2671 1214 per
2703 1134 2914 1211 jurata

1004 1230 1182 1290 toties
1214 1230 1501 1301 numina,·
1522 1250 1630 1311 per
1672 1232 1830 1312 ipsos
1863 1230 2000 1291 illos
2035 1240 2162 1293 tam
2199 1238 2392 1291 certos
2419 1229 2640 1291 ultores
2667 1230 2912 1310 perjurii

1009 1325 1197 1399 Deos,
1244 1348 1351 1409 per
1388 1327 1628 1399 liberos,
1673 1330 2048 1411 propinques,
2075 1330 2237 1389 cives
2257 1327 2512 1409 denique
2535 1334 2783 1398 vestros,
2807 1325 2912 1407 qui

1006 1418 1203 1486 nostro
1226 1424 1519 1487 beneficio
1543 1425 1738 1487 lucem
1761 1427 1916 1487 hane
1939 1426 2169 1499 vident,
2193 1426 2577 1496 obtestamur,
2611 1442 2688 1484 ne
2717 1422 2910 1504 perdi-

1003 1530 1131 1583 tum
1156 1523 1541 1605 excisumque
1562 1524 1714 1585 eatis
1735 1524 2060 1595 civitatem,
2084 1525 2258 1605 cujus
2281 1543 2356 1583 ea
2379 1524 2440 1583 in
2465 1522 2749 1605 populum
2777 1518 2910 1581 Ro-

1004 1640 1243 1683 manum
1270 1622 1619 1695 reverentia,
1647 1624 1698 1683 is
1721 1624 1952 1683 animus
1971 1630 2083 1695 est,
2109 1632 2179 1683 ιιι
2205 1642 2280 1683 ne
2315 1630 2408 1683 tot
2440 1620 2686 1703 quidem
2725 1640 2911 1682 anno-

1006 1738 1135 1778 rum
1160 1719 1414 1799 injuriis}
1442 1720 1704 1802 bellique
1742 1728 1866 1781 tam
1897 1720 2050 1783 acris
2075 1739 2255 1801 quam
2281 1719 2474 1801 iniqui
2495 1717 2796 1790 cladibus,
2833 1714 2912 1776 ad

1005 1814 1287 1877 vindicta
1310 1818 1658 1899 rapiendam
1682 1819 2054 1879 occasionem
2089 1818 2346 1898 potuerit
2379 1816 2760 1878 commoveri.
2843 1813 2914 1875 si

1002 1912 1097 1974 fas
1122 1908 1385 1993 gentium
1408 1909 1716 2027 respicitis,
1740 1914 1936 1977 foedns
1957 1922 2070 1987 est,
2096 1914 2258 1996 quod
2284 1914 2648 1996 pepigimus:
2689 1912 2744 1973 si
2775 1910 2914 1973 reli-

1004 2012 1235 2093 gionem
1270 2013 1597 2086 numinum,
1628 2013 1736 2075 Dii
1761 2023 1899 2076 sunt
1934 2034 2041 2095 per
2075 2033 2227 2094 quos
2259 2016 2528 2092 juratum
2567 2019 2680 2073 est.
2765 2008 2916 2071 Non

1002 2108 1285 2171 debemus
1324 2112 1554 2183 timere,
1596 2130 1672 2171 ne
1713 2110 1934 2173 factam
1959 2130 2170 2193 pacem
2205 2130 2436 2171 servare
2461 2108 2681 2182 nolitis,
2707 2127 2914 2189 quam,

1002 2206 1051 2267 si
1078 2228 1172 2268 res
1195 2206 1388 2267 adhuc
1414 2194 1646 2287 integra
1669 2206 1842 2281 foret,
1867 2210 1955 2271 ita
1977 2218 2042 2269 et
2065 2208 2292 2269 meritis
2323 2216 2387 2269 et
2423 2208 2634 2267 mereri
2673 2206 2914 2288 cupien-

676 2311 807 2363 noe.
821 2326 882 2365 ιι.
898 2314 981 2367 18.
1004 2304 1163 2366 tibus
1197 2315 1471 2387 proeetare
1508 2305 1900 2369 debuissetis.
1981 2305 2078 2367 At
2115 2315 2377 2377 senaim,
2417 2304 2687 2386 quolibet
2725 2304 2918 2386 pretio

678 2378 857 2493 ³³13?ss
860 2382 981 2509 ¹3¹}-
1006 2420 1215 2484 pacem
1240 2411 1367 2464 tam
1391 2402 1730 2465 indecoram
1753 2404 1906 2465 bene
1932 2404 2204 2485 abrumpi
2229 2403 2495 2476 credens,
2523 2402 2778 2474 censuit,
2807 2410 2920 2461 ‘ut

677 2508 813 2571 pinu.
1006 2500 1437 2581 quamprimum
1460 2502 1603 2562 novi
1629 2501 1900 2563 consules
1922 2502 2324 2581 magistratum
2347 2500 2672 2572 inivissent,
2704 2498 2784 2560 de
2805 2498 2913 2559 fce-

677 2574 883 2687 Ἦ·
883 2634 947 2685 do
1003 2596 1146 2657 dere
1184 2596 1590 2670 rescindendo,
1629 2606 1694 2659 et
1729 2598 2068 2659 auctoribus
2105 2600 2240 2678 ejus
2272 2598 2496 2681 populo
2537 2594 2918 2657 Numantino

680 2700 788 2750 vu.
798 2700 982 2751 Iun-tr.
1004 2692 1292 2755 dedendis
1314 2694 1666 2755 referretur?

683 2764 819 2815 Plut.
1086 2796 1187 2855 27.
1216 2790 1383 2852 Dum
1408 2794 1539 2853 haec
1566 2794 1626 2853 in
1653 2794 1798 2853 urbe
1822 2792 1994 2865 fiunt,
2019 2792 2113 2853 Μ.
2138 2792 2420 2853 AEmilius
2436 2790 2643 2851 consul
2669 2798 2917 2871 accepto

676 2894 889 2961 Appi-n.
1006 2889 1299 2961 exercitu,
1325 2890 1585 2971 quietem
1608 2898 1676 2951 ut
1693 2890 2114 2951 infructuosam
2139 2898 2507 2971 aspernatus,
2533 2888 2682 2949 belli
2707 2896 2918 2949 causas

1007 2985 1321 3047 adversum
1358 2986 1656 3049 Vaccaeos
1700 3008 1964 3069 quaerere
2009 2988 2285 3060 instituit,
2327 2986 2472 3067 qnia
2512 2984 2918 3047 Numantinos

1008 3102 1117 3144 sua
1157 3085 1368 3157 virtus,
1409 3094 1473 3146 et
1510 3088 1736 3148 incerta
1773 3086 1971 3147 adhue
2005 3094 2246 3146 senatus
2269 3083 2550 3145 voluntas
2586 3082 2666 3143 ab
2703 3080 2919 3161 injuria

958 3232 966 3237 .
1009 3182 1378 3261 protegebat.
1442 3182 1810 3245 criminatus
1833 3184 2014 3264 igitur
2031 3190 2364 3245 commeatu
2381 3181 2610 3262 juvisse
2636 3179 2915 3242 Numan-

1006 3276 1197 3339 tinum
1215 3279 1467 3353 bostem,
1482 3302 1690 3361 agrum
1709 3302 1912 3343 eorum
1932 3280 2272 3364 populatur,
2293 3281 2499 3341 urbem
2521 3266 2918 3351 Pallantiam,

1010 3372 1159 3436 locis
1200 3376 1322 3437 illis
1359 3380 1706 3457 maximam,
1751 3378 2024 3441 obsidet:
2081 3387 2294 3440 vocato
2338 3378 2400 3438 in
2443 3378 2920 3438 communionem

1007 3470 1156 3533 belli
1184 3472 1269 3534 D.
1300 3474 1515 3547 Bruto,
1540 3496 1802 3558 quocum
1827 3473 2172 3537 affinitatem
2197 3482 2598 3547 contraxerat,
2628 3474 2922 3537 ulterioris

1012 3569 1332 3653 Hispania
1356 3572 1725 3654 proconsule.
1804 3572 2064 3654 Jamque
2090 3573 2294 3654 copias
2337 3570 2427 3631 illi
2465 3574 2920 3652 conjunxerant,

1008 3688 1147 3729 cum
1172 3669 1253 3730 ab
1276 3678 1485 3731 senatu
1510 3668 1694 3749 legati
1723 3668 1922 3732 Cinna
1948 3668 2347 3751 Caeciliusque
2372 3677 2682 3740 venerunt,
2721 3670 2920 3751 prola·

1010 3772 1195 3845 toque
1234 3766 1742 3828 senatusconsulto
1775 3788 1896 3848 quo
1923 3765 2150 3828 bellum
2175 3766 2388 3828 inferre
2410 3764 2616 3828 consul
2641 3764 2922 3828 vaccaeis

982 3864 1351 3936 metabatur,
1392 3871 1411 3900 ‘
1435 3864 1888 3946 ingratissimum
1925 3864 2513 3944 molestimimumque
2537 3864 2770 3924 senatui
2793 3862 2920 3925 fac-

1012 3970 1209 4023 turum
1245 3959 1469 4022 videri’
1524 3961 1754 4035 dixere,
1797 3962 1906 4023 ‘si
1950 3971 2044 4024 tot
2083 3963 2146 4022 in
2188 3960 2493 4043 Hispania
2533 3960 2923 4021 incommodis

1014 4056 1300 4141 acceptis,
1334 4078 1555 4121 novum
1578 4060 1818 4144 insuper
1843 4058 2070 4123 bellum
2094 4078 2234 4121 cum
2258 4057 2658 4120 Vaccaeorum
2679 4058 2920 4121 ferocis-

1009 4154 1163 4216 sima
1187 4166 1361 4235 gente
1387 4158 1689 4219 conciret?

1094 4258 1197 4315 28.
1241 4252 1542 4328 AEnnilius,
1586 4254 1818 4317 ‘multa
1859 4256 1921 4316 in
1957 4276 2021 4317 re
2064 4253 2339 4337 prasenti
2371 4252 2578 4315 facilia
2610 4272 2916 4335 apparere,

1014 4368 1153 4431 qun
1192 4350 1537 4415 absentibus
1564 4352 1754 4417 ardua
1790 4351 2154 4428 videanturss
2193 4352 2560 4428 dictitans,‘
2581 4353 2924 4413 minimese
