3225 5242
788 545 1002 594 mnar
1057 545 1250 596 axx.
1297 543 1950 598 surranum-uu.
2162 503 2169 510 ’
2310 531 2493 598 4403

251 683 594 746 ordinandis
615 686 960 766 provinciis,
986 707 1140 768 quas
1159 685 1238 750 Τ.
1261 687 1501 761 Didius,
1529 689 1612 754 P.
1640 690 1890 752 Crassus
1913 700 2169 772 procori-

249 783 412 844 sules
461 803 666 844 recens
717 795 1096 864 pacaveraat.
1179 786 1265 847 P.
1297 787 1500 848 Crassi
1551 807 1647 848 res
1690 787 1845 848 adeo
1889 787 2167 870 sepelivit

249 889 534 952 vetustas,
563 891 632 941 ut
649 883 754 942 vix
779 881 841 941 in
869 881 1176 963 Hispania
1207 883 1386 944 fuisse
1409 885 1713 955 sciremus,
1748 885 1861 946 nisi
1882 883 2163 966 triumphi
2188 887 2321 940 Fasti
2331 889 2495 955 capit.

248 980 381 1058 ejus
415 987 652 1038 extaret
691 981 998 1050 memoria,
1033 979 1368 1062 Straboque
1399 983 1573 1042 nobis
1603 981 1687 1042 P.
1717 981 1998 1042 Crassum
2024 1001 2161 1041 nar·
2220 987 2477 1037 stubju.

247 1084 408 1135 raret
443 1074 520 1134 ad
549 1073 942 1136 Cassiteridas
973 1077 1192 1138 insulas
1225 1097 1302 1138 ex
1337 1078 1641 1158 Hispania
1675 1078 2001 1158 navigate.
2082 1077 2159 1138 T.
2190 1067 2279 1102 ¹¹¹⁰

254 1171 429 1232 Didii
467 1173 777 1251 aliquanto
819 1173 1140 1234 illustriora
1173 1183 1340 1252 gesta
1373 1183 1552 1234 suut:
1614 1175 1721 1253 qui
1764 1173 2161 1236 Vaccaeorum

245 1268 444 1328 millia
467 1270 679 1347 viginti
703 1269 967 1330 occidit:
1009 1269 1428 1342 Termestinos,
1464 1270 1727 1332 validam
1764 1291 1873 1332 uec
1900 1291 2160 1352 unquam
2186 1278 2401 1346 Appium.

245 1367 392 1425 satis
418 1376 693 1447 pacatam
731 1375 989 1445 gentem,
1017 1368 1077 1428 in
1101 1367 1348 1448 planum
1373 1367 1667 1442 deducere
1706 1369 1910 1428 urbem
1938 1369 2158 1446 coegit,

244 1471 310 1522 et
348 1465 510 1541 cingi
551 1464 840 1524 moenibus
871 1465 1082 1524 vetuit.
1167 1463 1596 1536 Colendenses,
1632 1463 1853 1544 oppido
1886 1473 2019 1545 post
2053 1485 2157 1523 no-

242 1579 380 1618 vem
407 1561 693 1620 mensium
719 1561 1084 1620 obsidionem
1113 1569 1374 1641 recepto,
1395 1581 1532 1622 cum
1557 1562 1849 1621 uxoribus
1872 1572 1935 1620 et
1960 1561 2161 1620 liberis

242 1657 532 1716 vendidit.
600 1656 765 1718 Haec
789 1659 990 1718 omnia
1007 1659 1097 1718 vir
1115 1657 1260 1718 belli
1280 1659 1679 1738 peritissimus,
1702 1679 1823 1719 non
1846 1659 1907 1717 vi
1927 1666 2158 1718 tantum

243 1773 318 1813 ac
343 1755 542 1825 armis,
585 1754 692 1814 sed
729 1757 913 1814 etiam
943 1755 1178 1833 iugenio
1210 1755 1593 1834 veteranique
1618 1754 1791 1815 ducis
1825 1753 2157 1815 calliditate

239 1849 508 1935 perfecit.
593 1849 794 1910 Semel
831 1851 1115 1911 acerrimo
1141 1850 1372 1932 praelio,
1411 1871 1550 1912 cum
1577 1851 1657 1911 ad
1680 1861 1917 1911 noctem
1946 1871 2155 1930 usque,
2217 1860 2375 1908 From.

239 1947 396 2006 sicut
421 1949 645 2007 incerta
667 1949 940 2016 victoris,
964 1949 1050 2008 ita
1075 1948 1266 2008 multa
1303 1948 1600 2026 utrimque
1634 1946 1804 2007 caede
1830 1957 2159 2028 pugnatum
2180 1925 2325 2042 33:²²·
2342 1943 2403 1979 ¹¹·

237 2051 430 2112 θοοῖς
473 2045 760 2125 pleraque
787 2063 1025 2106 suorum
1061 2063 1312 2125 corpora
1351 2045 1591 2104 silentio
1618 2042 1819 2104 deusae
1846 2044 2041 2102 noctis
2062 2065 2157 2108 sc-v

239 2137 520 2220 pelienda
569 2143 818 2202 curavit.
903 2141 1207 2202 Postridie
1262 2140 1556 2223 Hispanis
1606 2160 1715 2221 per
1764 2139 2033 2200 inducias
2077 2143 2157 2202 ad

235 2237 434 2298 simile
473 2238 730 2300 officium
759 2239 1240 2320 procedentibus,
1283 2240 1430 2320 quia
1469 2237 1660 2298 multo
1692 2238 1981 2318 pauciora
2020 2237 2153 2298 Ro-

237 2354 545 2396 manorum
566 2357 746 2418 quam
765 2357 876 2397 sua
889 2337 1191 2397 cadavera
1208 2338 1556 2406 cernebant,
1575 2336 1921 2396 ceciderunt
1934 2337 2115 2397 animi
2136 2359 2153 2398 ε

234 2433 720 2514 conditionesque
767 2435 934 2516 pacis
977 2455 1055 2494 ex
1102 2435 1412 2496 voluntate
1458 2434 1841 2516 imperatoris
1888 2443 2151 2516 acceptae

235 2539 394 2590 suut.
1970 2561 1989 2580 ·

285 2633 420 2688 432.
440 2627 772 2688 Pulchrum
798 2637 862 2689 et
885 2629 1055 2690 bonis
1073 2647 1313 2709 quoque
1329 2627 1474 2688 viris
1499 2626 1791 2688 imitabile
1816 2625 2151 2688 vaframen-

235 2731 362 2782 tum
391 2723 505 2784 hoc
532 2725 667 2784 fuit.
756 2724 922 2786 Illud
955 2725 1230 2796 alterum,
1254 2724 1398 2785 licet
1435 2723 1644 2784 decem
1686 2723 1897 2802 legatis
1934 2745 2150 2804 appro-
2172 2743 2390 2808 Appim.

235 2819 534 2892 bentibus,
562 2841 864 2902 nunquam
891 2821 1280 2884 laudaverim.
1365 2820 1679 2887 Quosdam
1714 2841 1793 2882 ex
1831 2819 2153 2884 Celtiberis

233 2935 534 2976 convenas
570 2919 732 2978 circa
775 2918 1112 2980 Colendum
1149 2917 1227 2978 C.
1257 2916 1490 2977 Marius
1531 2917 1703 2976 annis
1738 2916 1973 2997 aliquot
2010 2926 2151 2977 ante
2249 2925 2255 2940 '

235 3011 574 3073 locaverat:
638 3015 798 3095 iique
835 3017 1098 3100 audaces
1135 3023 1198 3074 et
1235 3014 1430 3093 egeni,
1469 3033 1681 3094 pacem
1724 3015 2041 3093 provinciae
2084 3014 2147 3073 in

229 3119 532 3190 posterum
559 3132 798 3192 quoque
816 3113 1108 3172 turbaturi
1131 3109 1502 3171 videbantur.
1569 3108 1805 3170 Idcirco
1831 3119 2147 3190 postquam

229 3225 407 3284 agros
433 3207 922 3279 Colendeusium‚
949 3210 1058 3268 bos
1097 3207 1254 3268 enim
1289 3205 1364 3264 T.
1396 3204 1623 3266 Didius
1650 3206 2015 3286 promiserat,
2044 3227 2145 3267 ac-

227 3303 461 3384 cepturi
495 3325 632 3364 cum
667 3306 956 3364 uxoribus
983 3315 1048 3364 et
1083 3302 1389 3367 liberis.ad
1415 3311 1616 3362 castra
1642 3301 1929 3362 Romana
1952 3305 2145 3364 venis-

226 3408 400 3467 sent:
443 3399 646 3460 educit
661 3401 876 3460 milites
893 3400 1236 3481 proconsul,
1250 3400 1573 3480 castrisque
1593 3399 1806 3479 recipit
1823 3400 2107 3460 barbaros
2125 3421 2142 3461 ε

225 3497 318 3555 sic
355 3498 512 3555 euim
559 3517 863 3558 numerum
899 3499 1166 3579 capitum
1206 3496 1462 3558 describi
1507 3497 1723 3558 melius
1757 3519 1948 3578 posse.
2032 3499 2143 3560 Ab

224 3593 441 3653 eadem
463 3615 648 3655 causa
673 3596 966 3674 segregari
1009 3615 1220 3675 pueros
1257 3595 1651 3674 mulieresque
1687 3617 1726 3655 a
1764 3597 1911 3655 viris
1934 3597 2137 3675 jubet.

227 3691 550 3752 Postremo
577 3693 670 3753 his
694 3694 784 3753 ita
807 3693 894 3752 uti
930 3693 1204 3752 voluerat
1241 3692 1437 3762 factis,
1477 3693 1735 3752 immisso
1778 3693 1967 3752 milite
2006 3695 2139 3754 uni·

223 3807 428 3848 versos
447 3791 728 3851 trucidat.
812 3789 996 3850 Adeo
1024 3792 1158 3869 jam
1186 3790 1247 3849 in
1271 3809 1538 3870 praeceps
1561 3791 1647 3848 ire
1670 3809 1865 3850 mores
1890 3809 1929 3850 a
1951 3791 2139 3852 veteri
2162 3810 2271 3865 Liv.
2285 3811 2434 3863 Ρηε,

222 3885 520 3963 gravitate
557 3895 879 3968 coeperant,
923 3896 992 3947 ut
1027 3888 1290 3946 homine·
1331 3905 1394 3946 se
1433 3883 1679 3945 mirifice
1710 3884 1984 3956 callidos,
2026 3907 2135 3968 pa-

222 3983 476 4064 triaeque
516 3987 895 4045 vehementer
935 3984 1269 4045 consultum
1297 3983 1726 4053 existimarent,
1764 3982 1925 4063 quod
1952 3985 2137 4065 parti-

220 4081 428 4142 culam
455 4082 696 4142 ditionis
717 4101 1118 4164 supervacuae,
1145 4102 1220 4142 ue
1240 4082 1326 4142 sic
1346 4080 1590 4161 quidem
1615 4078 1883 4151 firmiter,
1913 4081 2147 4161 populo·

223 4177 512 4240 Romano
553 4181 926 4250 retinebant3
975 4181 1270 4258 justitiam
1309 4178 1673 4258 famamque,
1714 4178 1931 4259 quibus
1969 4178 2136 4240 nulla

223 4298 333 4358 per
351 4279 618 4338 homines
641 4278 926 4360 possessio
945 4287 1040 4350 est
1062 4277 1478 4358 praestabilior,
1504 4275 1889 4337 decoxerant.

309 4381 409 4436 33.
456 4375 668 4456 Hujus
690 4377 870 4437 etiam
896 4376 1034 4436 anni
1075 4375 1318 4437 comitia
1341 4395 1458 4435 non
1485 4371 1829 4434 dissimilem
1867 4373 2132 4454 superio-
