3225 5242
759 544 934 610 4278
1729 560 1798 609 r.
1846 558 2032 611 mvn

1085 704 1414 768 exercitum
1443 702 1793 787 plerumque
1820 702 1954 764 aliis
1978 702 2125 764 locis
2148 700 2446 765 habebat:
2490 701 2617 783 ipse
2640 722 2779 762 cum
2820 702 2987 763 lectis

1083 802 1383 882 equitibus
1403 800 1748 861 Romanum
1768 820 1979 879 agmen
1994 801 2371 881 sequebatur,
2390 799 2817 879 carpebatque,
2836 798 2987 859 mul-

1082 897 1160 957 tis
1184 897 1464 969 bostium,
1497 906 1566 957 ut
1603 894 1761 958 forte
1785 896 2059 979 palantes
2084 894 2335 977 adipisci
2359 904 2617 976 poterat,
2646 894 2989 955 interfectis.

1085 993 1390 1057 Homines
1413 994 1572 1055 enim
1596 995 1817 1075 et-equi
1831 994 2207 1065 velocissimi,
2229 993 2407 1053 etiam
2428 1012 2565 1053 cum
2586 993 2765 1071 longe
2785 992 2988 1053 abesse

1081 1090 1476 1163 crederentur,
1504 1092 1802 1165 nocturnis
1826 1091 2130 1152 itineribus
2154 1110 2259 1171 per
2286 1090 2425 1151 avia
2462 1090 2807 1170 plerumque
2834 1088 2989 1161 loca,

1080 1191 1304 1251 securis
1341 1198 1406 1249 et
1443 1190 1644 1249 animo
1679 1189 1886 1250 vacuis
1926 1188 2434 1270 superveniebant.
2518 1186 2833 1247 Adversus
2864 1188 2990 1248 hoec

1081 1285 1459 1347 incommoda
1500 1284 1789 1346 Metellus
1811 1283 2183 1367 providentia
2206 1294 2269 1345 et
2308 1282 2627 1365 disciplina
2662 1284 2989 1363 pugnabat,

1081 1382 1270 1445 vetito
1293 1382 1497 1462 vagari
1538 1382 1770 1443 milite·
1752 1425 1771 1452 ,
1817 1390 1899 1452 et,
1940 1381 2063 1442 sive
2102 1381 2396 1460 lignatum
2436 1388 2823 1461 aquatumve,
2864 1381 2989 1441 sive

1083 1478 1163 1539 ad
1205 1480 1356 1541 alios
1397 1500 1536 1539 usus
1579 1476 2071 1560 proficiscendum
2118 1485 2294 1548 esset,
2342 1478 2591 1558 provisis
2628 1486 2991 1537 armatorum

1085 1575 1396 1657 praesidiis.
1479 1576 1639 1643 Qum
1664 1576 1768 1635 ubi
1789 1574 2007 1635 Romae
2032 1582 2171 1634 sunt
2194 1573 2421 1645 audita,
2439 1582 2675 1633 senatus
2688 1572 2987 1654 supplica-

1085 1672 1276 1733 tiones
1325 1673 1406 1734 ob
1443 1692 1537 1733 res
1571 1692 1612 1733 a
1659 1672 1915 1733 Metello
1956 1681 2151 1751 gestas
2194 1671 2499 1731 decrevit:
2542 1669 2683 1731 laeta
2720 1671 2989 1741 civitate,
3080 1738 3087 1747 ,

1085 1770 1246 1851 quod
1271 1770 1572 1831 labantem
1597 1771 1859 1851 priorum
1884 1769 2105 1837 ducum
2132 1766 2405 1829 socordia
2422 1772 2443 1801 ¹
2486 1766 2869 1849 disciplinam
2902 1768 2987 1827 fa-

1084 1888 1362 1948 mamque
1387 1868 1478 1928 vir
1502 1868 1770 1945 egregius
1794 1866 2161 1927 restituisset.

1167 1968 1268 2026 16.
1313 1962 1478 2025 Dum
1503 1965 1633 2025 haec
1656 1962 1735 2023 ad
1764 1964 2065 2024 meridiem
2101 1971 2403 2042 geruntur,
2430 1962 2795 2043 gravioribus
2820 1960 2987 2021 cim-

1085 2061 1324 2123 brorum
1365 2062 1542 2122 armis
1589 2062 1931 2142 septemtrio
1978 2060 2303 2121 inhorruit:
2347 2059 2813 2140 haudquaquam
2866 2062 2987 2141 pari

759 2168 952 2219 nont
906 2184 952 2218 ιι
953 2183 995 2221 ι.
1012 2171 1065 2220 8.
1087 2158 1346 2221 consulis
1395 2158 1640 2219 alterius
1686 2156 1941 2219 fortuna.
2025 2157 2269 2239 Quippe
2327 2158 2421 2218 M.
2462 2156 2680 2217 Junius
2726 2156 2986 2231 Silanus,

1087 2278 1224 2318 cum
1249 2255 1328 2318 ad
1353 2276 1488 2317 eum
1515 2256 1577 2315 in
1603 2254 1829 2316 Galliis
1844 2264 2042 2316 castra
2064 2256 2381 2317 habentem
2406 2254 2591 2333 legati
2610 2254 2989 2316 Cimbrorum

1086 2355 1400 2425 venissent,
1425 2353 1476 2413 si
1517 2354 1645 2433 agri
1681 2352 1985 2437 darentur,
2010 2372 2220 2413 manus
2252 2360 2315 2413 et
2356 2371 2660 2412 mma-sua
2696 2347 2989 2413 Romanis

1089 2452 1364 2533 auspiciis
1405 2450 1742 2522 offerentes,
1791 2458 1810 2487 ⁸
1824 2469 2015 2531 neque
2059 2471 2231 2530 agros
2272 2450 2413 2510 dare
2444 2448 2729 2531 populum
2756 2448 2987 2511 Roma-

1089 2568 1250 2619 num,
1292 2568 1484 2628 neque
1525 2547 1648 2608 illis
1685 2544 1927 2608 auxiliis
1966 2548 2249 2627 indigere,
2253 2548 2271 2577 ⁹
2312 2547 2707 2629 responderat.
2792 2546 2903 2608 Illi
2927 2548 2988 2608 vi

1087 2653 1384 2705 tentantes
1420 2644 1580 2725 quod
1612 2646 1937 2757 impetrare·
1952 2646 2223 2727 precibus
2250 2646 2655 2726 nequiverant,
2682 2644 2985 2723 egredien-

659 2746 664 2751 ·
797 2743 905 2792 Liv.
927 2742 1060 2809 Epit-
1087 2750 1208 2803 tem
1232 2750 1440 2802 contra
1463 2742 1772 2803 consulem
1790 2743 1972 2822 signis
1994 2742 2229 2803 collatis
2254 2741 2512 2803 fundunt
2536 2742 2882 2822 fugantque.

761 2808 1026 2925 VAIJCQ·
1009 2886 1064 2922 m
1171 2844 1269 2901 17.
1315 2838 1574 2913 Deinde,
1600 2860 1739 2903 cum
1766 2840 1845 2901 ab
1882 2840 1998 2901 boc
2020 2858 2291 2900 successu
2320 2842 2607 2920 majorem
2641 2839 2859 2920 cupitis
2880 2858 2984 2948 po-

760 2936 850 2989 0¹·-
880 2952 966 3001 pro
1085 2933 1278 2995 tiundi
1301 2955 1464 3016 spem
1491 2938 1919 3047 concepissent,
1944 2936 2023 2997 ad
2056 2938 2325 2997 senatum
2350 2935 2639 3016 quosdam
2664 2956 2741 2995 ex
2770 2936 2985 3017 princi-

759 3001 891 3117 ἕξω
893 3002 1032 3133 ἀρὴ.
1087 3033 1261 3113 pibus
1275 3032 1511 3112 legant
1533 3034 1675 3113 qui‘
1697 3034 1925 3114 pacatis
1940 3036 2151 3095 animis
2170 3034 2458 3095 venientis
2483 3053 2522 3093 a
2544 3032 2785 3093 consule
2810 3054 2983 3094 coac-

759 3131 887 3185 Hor.
1085 3138 1178 3189 tos
1201 3128 1279 3188 ad
1307 3128 1620 3210 praelium'
1660 3130 2007 3203 dicerent,‘
2028 3140 2341 3213 postquam
2366 3130 2620 3192 certiora
2650 3151 2833 3212 quam
2858 3130 2985 3193 vel-

1087 3225 1214 3285 lent
1259 3225 1540 3287 adversus
1577 3226 1887 3289 Romanos
1930 3228 2339 3315 experimenta
2378 3228 2587 3288 virtuti
2662 3226 2985 3299 dedinent,

1087 3344 1203 3383 non
1247 3325 1490 3402 ignavos
1525 3333 1630 3384 aut
1671 3324 1907 3385 inutiles
1944 3325 2171 3386 futuros
2202 3326 2413 3397 socios,
2450 3324 2622 3385 sedes
2654 3334 2891 3387 tantum
2925 3334 2987 3386 et

1083 3448 1275 3507 agros,
1315 3426 1471 3489 unde
1505 3448 1570 3489 se
1599 3448 1853 3509 suosque
1892 3427 2140 3501 alerent,
2168 3428 2334 3487 velut
2372 3428 2433 3487 in
2463 3426 2825 3508 stipendium
2850 3447 2986 3507 pos-

1081 3526 1258 3586 cere!
1339 3524 1615 3596 Senatus,
1651 3525 1773 3585 sive
1800 3526 2055 3586 avaritia
2080 3524 2431 3606 principum,
2456 3524 2582 3585 sive
2608 3522 2817 3604 proelio
2842 3524 2989 3585 victi

1083 3620 1244 3701 quod
1267 3619 1566 3681 dedissent
1589 3623 1787 3703 potius
1812 3622 2175 3683 necessitatis
2193 3642 2373 3701 quam
2392 3618 2667 3681 beneficii
2686 3620 2985 3701 specimen

1083 3718 1464 3801 praelaturum
1491 3719 1781 3791 arbitrati,
1807 3718 2158 3799 leg-ationem
2186 3718 2409 3778 irritam
2434 3716 2795 3777 dimiserunt.

1165 3822 1264 3876 18.
1307 3814 1673 3897 Cimbricum
1693 3814 1919 3876 bellum
1944 3814 2237 3880 infelicius
2252 3824 2479 3893 gestum
2504 3814 2677 3888 bouae
2690 3816 2803 3874 sub
2828 3815 2985 3875 idem

761 3911 1028 4027 Εἷᾟῐίῃᾱ
1081 3922 1314 3992 tempus
1351 3911 1444 3971 M.
1475 3912 1734 3973 Minucii
1762 3933 1853 3972 res
1876 3911 2345 3973 consolabantur.
2430 3910 2507 3970 In
2532 3910 2791 3971 Thracia
2826 3913 2985 3973 enim

764 4058 810 4091 c.
833 4046 918 4090 52.
1084 4008 1162 4068 ad
1191 4008 1472 4070 Hebrum
1499 4006 1716 4069 flumen
1744 4007 2183 4068 Scordiscorum
2210 4016 2272 4067 et
2293 4005 2695 4067 Triballorum
2722 4009 2985 4087 ingentes

762 4106 870 4154 Sex.
889 4104 1006 4153 Rus.
1084 4105 1288 4215 copias
1311 4103 1581 4165 fuderat·
1624 4125 1761 4165 cum
1787 4104 2090 4165 victoriam
2119 4111 2247 4163 arte
2286 4102 2627 4182 adjuvisset.
2711 4104 2983 4165 Numero

759 4170 1033 4285 ιΛωξξιὶζ
1085 4201 1244 4261 enim
1269 4221 1502 4262 suorum
1526 4199 1774 4271 diffisus,
1802 4220 1942 4261 nam
1976 4210 2039 4261 et
2065 4200 2223 4260 Daci
2261 4200 2529 4261 hostibus
2552 4200 2782 4261 auxilio
2806 4192 2978 4262 vene-

765 4315 876 4348 xxv
905 4304 1016 4351 8.

1652 4420 1678 4465 l
1724 4415 1949 4467 Veeordia
1972 4414 2094 4466 edd.
2118 4420 2239 4465 autc
2265 4414 2419 4467 Crev-
