3225 5242
855 539 1066 590 usar
1118 539 1301 591 bxv,
1348 540 2004 593 suvrnuuunrun.
2363 526 2537 602 4291

301 682 506 741 omnia
529 679 786 743 indicem
805 700 884 743 ex
903 682 1112 743 itinere
1129 682 1554 766 reprehendere
1577 693 1827 746 conatus
1850 694 1967 745 est·
2022 682 2216 747 Dein-

301 778 406 849 de,
433 778 538 839 ubi
577 778 746 839 illum
789 780 1022 860 nequi
1057 799 1176 841 nou
1209 782 1426 863 potuit,
1463 780 1592 861 ipse
1631 800 1869 861 quoque
1892 780 1973 841 ad
1994 781 2217 861 Jugur-

307 875 474 935 tham
515 874 928 956 proficiscitur,
965 885 1282 959 raptasque
1325 896 1366 937 a
1405 876 1633 959 perfido
1672 876 1913 949 cliente,
1950 897 2103 959 quas
2138 877 2221 938 ad

305 990 506 1050 regem
543 973 673 1052 ipse
699 980 936 1053 portare
960 972 1342 1045 decrevisset,
1369 974 1574 1035 literas
1609 982 1872 1054 questus,
1896 983 2051 1045 orat,
2093 985 2112 1011 ⁸
2140 995 2219 1035 ne

305 1070 422 1130 sibi
455 1070 572 1131 hoc
605 1070 668 1131 in
700 1070 900 1130 animo
927 1072 1082 1151 regis
1113 1070 1310 1131 fraudi
1349 1072 1450 1143 sit,
1481 1090 1634 1133 neve
1672 1071 1857 1132 alium
1890 1092 1956 1131 se
1986 1070 2217 1146 credat,

307 1186 488 1247 quam
503 1167 750 1247 qualem
777 1168 1078 1249 perpetuis
1107 1168 1408 1249 obsequiis
1441 1176 1507 1229 et
1541 1168 1881 1249 incorrupta
1923 1165 2043 1229 fide
2080 1186 2217 1249 pro·

283 1265 586 1342 ‚havisae
669 1263 752 1327 Id
789 1283 1030 1345 quoque
1069 1272 1296 1326 certum
1339 1276 1406 1325 et
1441 1264 1657 1326 efficax
1702 1265 2055 1325 iunocentiae
2092 1286 2217 1327 ωε

305 1363 704 1423 oestimonium
743 1362 1062 1444 acciperet,
1107 1363 1270 1443 quod
1311 1373 1438 1424 tam
1475 1364 1667 1425 atroci
1710 1382 1853 1423 casu
1888 1382 2221 1445 percussus,

309 1460 461 1520 nulli
487 1460 590 1520 alii
617 1469 723 1520 aut
743 1460 968 1520 homini
993 1468 1102 1520 aut
1125 1459 1260 1523 loeo
1285 1460 1538 1522 salutem
1561 1460 1891 1533 debiturus,
1916 1459 1997 1521 ad
2022 1480 2223 1541 regem

303 1578 476 1619 suum
513 1558 923 1638 properasset?

333 1698 340 1705 ·
387 1662 490 1717 ⁶0.
509 1654 826 1733 Jugurtha,
844 1654 988 1717 licet
1011 1654 1212 1716 omnia
1230 1652 1351 1714 alia
1367 1652 1616 1715 volvens
1634 1656 1853 1727 animo,
1872 1665 2073 1717 tamen
2090 1656 2220 1738 plue

309 1752 446 1815 cide
469 1754 530 1813 in
557 1753 876 1833 praeseutia
899 1750 1225 1834 respondit,
1251 1772 1328 1812 ne
1354 1772 1478 1832 qua
1516 1750 1671 1813 forte
1696 1752 1911 1815 seditio
1938 1754 2100 1836 apud
2122 1774 2234 1816 ar-‘

309 1858 504 1911 matos
527 1858 590 1909 et
614 1847 952 1911 Nabdalsa
987 1846 1290 1909 beneficiis
1325 1868 1464 1909 usos
1500 1849 1785 1911 oriretur:
1828 1860 1893 1912 et
1918 1852 2051 1931 jam
2096 1850 2223 1913 Bo-

309 1946 572 2007 milcaris
595 1946 964 2027 aliorumque
997 1947 1364 2008 consciorum
1393 1946 1691 2027 supplicio
1724 1948 1872 2009 iram
1910 1948 2221 2009 leniverat.

311 2043 438 2105 Sed
463 2064 580 2105 non
607 2044 852 2126 perinde
877 2042 1172 2105 abducere
1197 2044 1456 2104 animum
1491 2045 1572 2105 ab
1603 2044 1981 2106 solicitudine
2006 2046 2224 2127 potuit,

309 2140 458 2223 quin
489 2149 584 2203 tot
623 2141 878 2221 egregiis
911 2140 1052 2201 viris
1083 2138 1430 2213 interfectis,
1457 2140 1661 2201 omnia
1684 2140 1969 2221 deinceps
2004 2141 2225 2203 infesta

307 2240 618 2319 intutaque
641 2244 1052 2299 occurrerent:
1091 2256 1232 2297 cum
1257 2238 1410 2297 tanti
1435 2236 1684 2317 periculi
1708 2238 2077 2310 memoriam,
2096 2256 2223 2299 me-

305 2344 558 2417 tumque
601 2354 678 2397 ne
721 2334 826 2415 qui
870 2332 978 2394 alii
1013 2332 1224 2394 eadem
1267 2334 1576 2407 auderent,
1613 2343 1895 2396 excutere
1928 2334 2223 2417 nequiret.

310 2431 502 2493 Unde
546 2452 622 2492 ue
659 2430 850 2492 somni
887 2430 1130 2511 quidem
1169 2430 1314 2491 satis
1346 2432 1552 2511 quieta
1583 2431 1761 2511 copia
1792 2440 1945 2505 erat,
1972 2441 2035 2492 et
2066 2452 2229 2514 saepe

307 2528 512 2590 subito
531 2528 766 2589 excitus
789 2527 1040 2609 arreptis
1063 2527 1240 2587 armis
1272 2526 1586 2589 tumultum
1611 2526 1909 2588 faciebat:
1948 2548 2081 2589 sero
2118 2548 2225 2609 ag-

311 2627 445 2687 nita
467 2624 743 2697 santius,
768 2644 905 2705 qure
927 2644 1040 2685 nec
1077 2626 1356 2706 potentine
1389 2643 1500 2685 nec
1533 2623 1734 2685 laudis
1764 2633 2057 2705 egentem,
2080 2625 2225 2687 dum

313 2742 426 2805 per
445 2724 674 2785 scelera
696 2732 758 2784 et
781 2722 1042 2805 perjuria
1063 2722 1210 2783 eniti
1251 2720 1330 2782 ad
1371 2722 1612 2800 majoris
1644 2721 1895 2784 fortunae
1924 2720 2227 2802 fastigium

303 2820 509 2902 jubet,
551 2820 672 2882 alio
713 2840 890 2902 super
927 2819 1093 2881 aliud
1129 2819 1354 2881 delicto
1399 2818 1873 2901 delictorumque
1908 2819 2229 2901 supplicio,

311 2920 472 2983 infra
493 2919 798 2979 miserrimi
837 2920 1126 2999 cujusque
1163 2926 1380 2978 sortem
1417 2916 1794 2979 detrudebat.

397 3024 501 3078 51.
545 3016 736 3079 Exitu
763 3014 1124 3076 Bomilcaris
1159 3024 1482 3095 comperto,
1514 3013 1825 3087 Metellus,
1854 3016 1959 3095 qui
1984 3014 2229 3075 sedente

315 3132 382 3177 se
421 3113 646 3175 bellum
685 3113 852 3173 illius
885 3112 1214 3194 proditione
1238 3120 1600 3172 uansactum
1626 3112 1699 3171 iri
1722 3120 2085 3193 speraverat,
2113 3112 2229 3173 hac

316 3213 730 3293 expectatione
773 3210 1077 3291 depulsus,
1115 3210 1324 3271 iterum
1359 3208 1530 3289 quasi
1560 3207 1640 3269 ad
1676 3210 1964 3288 integrum
2003 3207 2237 3269 bellum

313 3328 606 3391 apparare
639 3308 840 3369 omnia
871 3308 1071 3388 coepit.
1155 3306 1358 3373 Quam
1394 3304 1473 3366 ad
1513 3324 1641 3367 rem
1678 3306 1820 3386 quia
1854 3305 2039 3367 Marii
2076 3324 2229 3388 proe·

315 3407 570 3467 sentiam
595 3404 810 3484 majori
833 3402 910 3465 de
935 3412 1138 3465 cetero
1159 3402 1446 3464 molestia
1468 3422 1652 3484 quam
1676 3404 1809 3463 usui
1832 3402 1959 3464 fore
1988 3402 2229 3482 judica·

315 3506 465 3573 bat3
495 3524 570 3563 ne
587 3502 874 3563 offensum
895 3501 1304 3582 invitumque*
1329 3502 1627 3573 retineret,
1652 3510 1795 3561 ante
1816 3498 2231 3562 duodecimum

317 3601 562 3664 omniuo
603 3599 786 3670 diem,
827 3618 1012 3679 quam
1053 3608 1226 3659 erant
1269 3598 1472 3659 futura
1514 3596 1735 3659 Romae
1766 3598 2031 3669 comitia,
2066 3618 2229 3659 com-

319 3707 580 3759 mentum
605 3697 828 3757 homini
851 3695 1038 3757 dedit.
1115 3694 1328 3776 Atque
1353 3697 1406 3755 is
1429 3694 1641 3777 rapido
1668 3714 1839 3756 cursu
1865 3694 1945 3754 ab
1968 3694 2231 3755 exercitu
2253 3700 2388 3751 Plut.

319 3794 620 3879 profectus
655 3794 927 3868 Uticam,
965 3812 1102 3855 cum
1137 3794 1198 3853 in
1235 3794 1442 3853 itinere
1475 3791 1625 3852 duos
1655 3792 1899 3852 omuino
1932 3789 2060 3851 dies
2094 3810 2231 3849 cum
2254 3764 2553 3883 {fflJu'n‘

315 3892 669 3953 intermedia
693 3900 869 3953 nocte
896 3891 1328 3961 consumsisset,
1349 3890 1691 3970 priusquam
1710 3888 2009 3967 navigium
2026 3906 2231 3947 asceu-

317 3990 512 4062 deret‚
553 3987 932 4051 sacrificavit.
1023 3986 1170 4055 Quo
1211 3995 1478 4066 tempore
1517 4004 1658 4046 cum
1702 3983 2113 4044 admirabilem
2148 3982 2231 4055 ei,

319 4094 386 4148 et
409 4086 570 4147 omui
587 4106 692 4168 spe
711 4087 996 4165 majorem
1019 4081 1372 4144 felicitatem
1391 4088 1538 4143 exta
1562 4080 1909 4163 portendere
1936 4081 2232 4161 haruspex

351 4258 746 4351 ¹¹¹Neoffaeumm
756 4282 1074 4347 ianime]
1086 4282 1238 4345 Mag·
1315 4280 1501 4330 meiius
1543 4280 1832 4347 respondet
1866 4281 1941 4341 τᾷ
1980 4277 2231 4345 offensum.

321 4366 391 4403 na
432 4352 658 4415 suspicio
700 4357 784 4400 est
829 4347 1238 4399 Freimhemium
1319 4347 1475 4397 (ΣΙ-ον.

321 4416 598 4484 scripsisse
605 4416 778 4482 potius
789 4412 1240 4479 iamquefluod
