3225 5242
3138 0 3169 492 ἱ

740 485 918 556 4418
1710 503 1781 552 τ.
1830 503 2023 554 mvn
3161 500 3177 742 x

1063 647 1328 708 maximo
1353 643 1708 708 assultantes
1728 643 2207 727 recedentesque,
2234 645 2389 706 inter
2406 663 2509 705 eos
2520 642 2767 705 flamma
2785 643 2969 705 fumo-

1065 765 1182 826 que
1209 745 1268 805 in
1308 743 1522 805 coelum
1559 753 1842 816 exeunte,
1880 743 2159 816 interdiu,
2194 750 2499 825 spectante
2534 763 2569 802 e
2604 743 2707 803 via
2732 741 2973 802 AEmilia

1065 862 1284 922 magna
1307 843 1576 924 equitum
1605 840 2041 914 Romanorum,
2069 839 2565 922 familiarumque,
2596 849 2662 900 et
2684 839 2971 900 viatorum

1066 937 1466 1000 multitudine.
1553 937 1651 999 Eo
1696 958 1986 1001 concursu
2022 936 2183 998 villae
2227 957 2433 998 omnes
2468 935 2655 1008 elisoe,
2698 935 2975 996 animalia

1062 1034 1381 1118 permulta,
1409 1053 1544 1116 quse
1573 1034 1984 1107 interfuerunt,
2005 1035 2352 1096 exanimata
2374 1043 2531 1096 sunt.

1146 1138 1207 1192 3.
1254 1130 1380 1192 Sed
1405 1131 1548 1192 mihi
1573 1131 1725 1192 talia
1748 1149 1909 1212 saepe
1934 1129 2209 1192 referenti
2236 1130 2582 1192 faciundum
2610 1128 2851 1189 omnino
2890 1130 2975 1188 vi-

1063 1227 1257 1302 detur,
1287 1237 1376 1300 ut,
1402 1249 1524 1311 quo
1548 1229 1851 1310 proposito
1884 1247 2125 1310 quaque
2160 1247 2345 1290 causa
2375 1228 2507 1289 baec
2532 1245 2895 1296 recenseam,
2919 1234 2982 1285 et

1064 1325 1244 1407 quale
1269 1326 1346 1387 de
1371 1327 1467 1386 his
1488 1325 1947 1407 concipiendum
1978 1325 2279 1405 judicium
2316 1335 2542 1406 putem,
2578 1322 2763 1384 semel
2792 1343 2976 1403 expo-

1065 1443 1225 1484 nam.
1311 1423 1446 1502 Ego
1471 1442 1612 1485 vero
1638 1440 1775 1504 quae
1797 1427 1817 1456 ⁸
1859 1421 1921 1482 in
1946 1423 2371 1483 vetustioribus
2394 1420 2561 1482 libris
2584 1419 2975 1501 reperiebam,

1065 1539 1204 1580 cum
1230 1540 1388 1601 saepe
1414 1519 1506 1580 his
1529 1519 1729 1580 recisis
1752 1537 1951 1600 pauca
1973 1517 2050 1579 de
2075 1517 2450 1600 quorundam
2488 1536 2778 1578 annorum
2806 1515 2981 1595 gestis

1063 1625 1460 1697 superessent,
1487 1615 1753 1697 quadam
1780 1615 2156 1687 necessitate,
2185 1624 2249 1675 et
2282 1617 2429 1695 quia
2459 1613 2711 1675 subinde
2752 1613 2982 1673 inerant

1063 1731 1204 1793 quae
1243 1732 1597 1792 cognoscere
1638 1711 1847 1793 cupidi
1886 1711 2261 1793 antiquitatis
2299 1732 2419 1772 non
2462 1710 2715 1783 nollent,
2758 1729 2979 1791 nequa-

1065 1825 1248 1888 qnam
1273 1807 1776 1890 praetermittenda
1800 1808 2045 1869 censui:
2080 1808 2407 1889 prasertim
2430 1826 2567 1868 cum
2600 1806 2809 1888 priscis
2832 1815 2977 1868 tem·

1066 1906 1308 1986 poribus
1355 1904 1508 1967 tanti
1548 1905 1927 1978 haberentur,
1966 1913 2038 1966 ut
2076 1907 2138 1966 in
2182 1905 2258 1966 iis
2294 1925 2457 1987 soepe
2492 1913 2734 1966 senatus
2772 1901 2981 1986 populi

1066 1999 1357 2075 Romani,
1376 2001 1855 2084 sacerdotesque,
1882 2002 1989 2063 diu
2016 2002 2451 2086 plurimumque
2474 2003 2695 2064 fuerint
2716 2021 2979 2082 occupa-

1063 2101 1134 2160 ti.
1216 2099 1598 2173 Accedebat,
1627 2099 1790 2182 quod
1818 2100 1975 2160 idem
2002 2121 2041 2162 a
2061 2100 2237 2162 Livio
2255 2099 2573 2181 diligenter
2598 2099 2827 2162 factum
2854 2121 2978 2161 esse

1065 2197 1386 2259 videbam:
1435 2217 1631 2278 neque
1666 2199 1979 2259 consilium
2008 2207 2161 2270 erat,
2203 2198 2509 2259 historiam
2551 2198 2715 2258 illius
2748 2207 2977 2259 utcum-

1063 2315 1182 2375 que
1223 2294 1544 2376 supplenti,
1590 2295 1893 2376 praeterire
1932 2314 2067 2376 quoe
2108 2294 2187 2355 ab
2226 2295 2359 2376 ipso
2396 2303 2763 2377 pertractata
2804 2294 2981 2356 fuine

1065 2401 1386 2454 constaret.

773 2483 919 2533 Vosn.
934 2483 997 2531 ὼ
1149 2497 1211 2551 4.
1255 2489 1417 2550 Sane
1439 2509 1556 2550 non
1583 2509 1748 2550 eram
1786 2489 2038 2561 nescius,
2064 2488 2147 2549 ob
2170 2509 2305 2550 eam
2328 2509 2453 2550 rem
2476 2487 2552 2550 T.
2582 2489 2823 2550 Livium
2848 2491 2981 2571 qui-

735 2545 1004 2664 ἕῗζω
1067 2586 1324 2648 busdam
1347 2585 1759 2668 displicuisse:
1803 2606 2143 2670 papamque
2170 2587 2529 2664 Gregoriun'i
2566 2587 2811 2660 narrari,
2842 2587 2980 2648 odio

1067 2685 1573 2768 superstitionum,
1611 2705 1763 2767 quas
1794 2685 1898 2746 ille
1939 2684 2347 2766 descripsisset
2385 2684 2829 2767 laudassetque,
2856 2695 2981 2745 tam

1068 2782 1346 2843 infestum
1364 2782 1422 2842 ei
1440 2790 1621 2862 atque
1638 2782 1853 2841 iratum
1871 2780 2072 2853 fuisse,
2095 2789 2165 2842 ut
2178 2785 2315 2862 ejus
2328 2801 2512 2863 opera
2523 2783 2726 2842 omnia
2741 2781 2979 2844 abolere

1066 2889 1398 2942 conaretur.
1485 2877 1610 2939 Sed
1636 2899 1749 2958 ego
1774 2899 1965 2959 neque
1996 2878 2290 2957 Gregorio
2325 2888 2449 2939 tam
2480 2879 2695 2941 laevam
2720 2890 2979 2942 mentem

1067 2975 1247 3037 fuisse
1293 2975 1680 3046 crediderim
1730 2986 1795 3037 et
1829 2976 1954 3037 alia
1990 2975 2265 3058 quaedam
2310 2977 2468 3038 tradi
2506 2977 2585 3039 de
2626 2977 2837 3039 eodem
2872 2977 2981 3038 illo

1068 3071 1271 3145 video,
1298 3091 1433 3154 quae
1451 3071 1753 3133 studiosus
1776 3073 2043 3133 veritatis
2060 3093 2234 3134 nemo
2258 3073 2529 3155 recipiat.
2594 3073 2823 3156 Neque
2839 3095 2979 3138 sane

961 3179 966 3188 '
1067 3179 1192 3231 tam
1219 3172 1454 3252 ineptus
1481 3170 1540 3230 in
1567 3170 1662 3230 bis
1680 3180 1772 3231 est
1790 3170 2019 3242 Livius,
2038 3179 2106 3230 ut
2120 3191 2236 3232 non
2258 3170 2574 3253 aliquoties
2592 3181 2816 3234 temere
2836 3172 2981 3235 ficta

1067 3275 1178 3327 aut
1197 3267 1430 3328 credita
1455 3265 1748 3350 prodigia,
1782 3267 2199 3349 hominumque
2234 3269 2441 3328 inanes
2470 3270 2981 3351 interpretationes

1068 3371 1258 3424 taxet.

1150 3467 1210 3522 5.
1253 3459 1557 3532 Ceterum,
1585 3460 1873 3541 quicquid
1908 3461 1987 3522 de
2022 3460 2131 3522 illo
2155 3461 2361 3535 fuerit,
2386 3463 2535 3524 mihi
2558 3483 2703 3526 sane
2723 3465 2821 3527 vel
2844 3467 2978 3528 ideo

1065 3557 1198 3618 baec
1221 3566 1506 3618 annotare
1531 3557 1755 3639 placet,
1784 3567 1853 3618 ut
1877 3561 1981 3640 qui
2008 3557 2184 3619 hodie
2210 3561 2385 3620 rebus
2408 3561 2703 3640 ejusmodi
2728 3563 2979 3625 multum

1067 3665 1399 3726 moventur,
1415 3641 1631 3714 eadem
1666 3675 1731 3715 se
1754 3655 2017 3728 credere,
2048 3656 2377 3738 iisdemque
2405 3666 2512 3719 aut
2532 3659 2855 3734 confidere,
2878 3672 2982 3723 aut

1067 3753 1395 3834 perwrbari
1421 3751 1680 3823 discant,
1706 3772 1842 3833 quae
1867 3752 2212 3814 dementata
2242 3757 2421 3816 vanis
2448 3757 2849 3838 opinionibus,
2876 3783 2977 3822 ve-

1067 3870 1268 3931 raeque
1291 3849 1598 3930 sapientise
1622 3849 1856 3930 penitus
1880 3851 2086 3931 ignara
2110 3861 2383 3934 tempora
2404 3866 2810 3935 respexerunt.
2854 3857 2975 3920 Ea—

1067 3945 1206 4008 dem
1233 3949 1391 4007 enim
1427 3945 1623 4008 adhuc
1656 3946 1827 4008 fatua
1859 3956 1925 4009 et
1963 3948 2185 4009 insulsa
2218 3949 2425 4010 fabula
2464 3951 2708 4025 luditur,
2736 3974 2975 4016 narran-

1070 4054 1283 4125 turque
1310 4054 1374 4104 et
1391 4043 1711 4105 audiuntur
1730 4065 1946 4124 magna
1970 4048 2407 4132 asseret-atione
2430 4048 2743 4132 pleraque,
2762 4053 2821 4112 in
2847 4055 2981 4134 qui-

1071 4143 1184 4202 bus
1233 4142 1382 4203 nihil
1433 4143 1514 4202 sit
1555 4143 1980 4224 prodigiosum,
2030 4153 2243 4225 proeter
2292 4147 2597 4208 bominum
2636 4151 2978 4225 amentiam,

1413 4376 1437 4422 ι
1479 4372 1621 4430 Quod
1643 4385 1737 4438 pro
1760 4387 1865 4437 qsoe
1886 4371 2078 4438 iegitur
2096 4373 2150 4424 in
2178 4373 2301 4424 edd.
2323 4381 2446 4426 aute
2472 4375 2629 4428 Crev.
