3225 5242
683 559 859 626 ⁴1⁰6
1643 581 1713 629 τ.
1763 581 1957 631 mvn

1004 721 1140 800 quis
1184 721 1341 782 ultra
1385 723 1714 802 quingenta
1763 725 1890 804 agri
1922 725 2144 804 jugera
2186 724 2546 806 penideret:
2587 745 2738 787 neve
2775 725 2914 808 plus

1004 818 1345 898 quingentis
1366 820 1666 901 capitibus
1691 841 1990 902 pecorum,
2015 818 2374 904 centumque
2399 823 2638 902 majoris
2661 823 2912 884 armenti

1003 921 1304 994 pasceret:
1344 924 1531 997 utque
1546 925 1744 978 certus
1761 919 2248 992 mercenariorum
2269 939 2542 979 numerus
2555 939 2635 980 ex
2653 920 2912 1000 ingenua

1003 1009 1181 1091 plebe
1206 1031 1245 1071 a
1280 1013 1712 1093 possessoribus
1735 1013 2028 1074 aleretur.’
2112 1013 2278 1075 Haec
2299 1035 2418 1075 non
2445 1014 2624 1076 modo
2647 1017 2910 1076 tribuum

1000 1105 1295 1186 mffragiis
1316 1110 1569 1182 sancita,
1590 1095 1701 1170 'sed
1724 1111 1906 1170 etiam
1921 1111 2317 1190 jurejurando
2339 1109 2712 1182 confirmata,
2739 1131 2908 1191 egre-

1002 1204 1103 1283 gie
1122 1205 1483 1286 pauperibus
1516 1214 1581 1265 et
1608 1205 1866 1286 publicae
1887 1205 1974 1266 rei
1997 1207 2417 1280 subvenerant,
2441 1208 2506 1268 ni
2531 1207 2693 1289 apud
2719 1209 2908 1268 homi-

1000 1319 1107 1360 nes
1148 1320 1326 1383 opum
1366 1299 1683 1362 dulcedine
1723 1310 1934 1383 captos
1981 1301 2236 1364 validior
2281 1304 2480 1384 legum
2519 1303 2910 1386 Dect-umque

1000 1405 1161 1457 metu
1186 1396 1501 1480 cupiditas,
1529 1397 1836 1459 imbecilla
1864 1399 2021 1480 juris
2053 1398 2312 1461 clausu-a
2331 1399 2544 1462 fraude
2567 1400 2748 1482 vique
2772 1420 2910 1482 per-

999 1493 1269 1574 rupisset.

1080 1595 1141 1653 ⁷.
1182 1587 1353 1650 Nam
1380 1589 1492 1650 sub
1519 1590 1692 1650 initia
1725 1589 1895 1652 multi
1931 1590 2072 1653 dolo
2101 1591 2264 1652 malo
2289 1598 2519 1670 partem
2545 1611 2816 1672 agrorum
2841 1591 2904 1654 in

1000 1686 1357 1767 propinquos
1378 1685 1826 1758 maferebant,
1871 1687 1981 1748 sub
2005 1687 2243 1748 illorum
2271 1687 2605 1748 nominibus
2628 1689 2742 1748 sibi
2768 1707 2906 1770 pos-

670 1779 979 1858 Ev-jmdflo
998 1781 1293 1844 sidentes:
1334 1801 1420 1856 ex,
1462 1783 1679 1863 quibus
1711 1785 1838 1864 ipoe
1879 1783 2027 1862 legis
2065 1791 2272 1844 auctor
2305 1783 2383 1844 C.
2425 1783 2690 1845 Licinius
2733 1784 2910 1846 Stolo

670 1843 887 1910 Appiana.
999 1879 1131 1939 fuit.
1181 1877 1363 1950 Mox,
1379 1887 1447 1940 ut
1463 1879 1644 1940 elusae
1663 1880 2036 1961 aliquamdiu
2052 1881 2212 1960 leges
2225 1880 2466 1942 tandem
2484 1901 2592 1962 pro
2607 1882 2908 1962 abrogatis

998 1983 1472 2049 contemnuntur,
1482 1997 1560 2038 nc
1582 1975 1783 2038 colore
1797 1977 2040 2058 quidem
2059 1979 2330 2058 quaesito,
2347 1977 2547 2059 palam
2565 1999 2604 2038 a
2621 1978 2908 2040 divitibus

998 2073 1125 2152 agri
1136 2073 1311 2160 longe
1320 2094 1503 2156 supra
1516 2082 1802 2135 statutum
1817 2075 2166 2136 auctoritate
2179 2074 2421 2156 publica
2433 2073 2672 2136 modum
2690 2077 2906 2137 retine·-

996 2169 1231 2231 bsntur.
1315 2171 1558 2232 Crebrae
1584 2173 1734 2232 inter
1756 2171 1887 2231 haec
1915 2171 2244 2234 tenuiorum
2269 2171 2548 2251 querelae,
2569 2171 2672 2232 sed
2699 2174 2908 2254 etipsa

995 2265 1135 2326 boni
1158 2267 1505 2348 decorisque
1528 2267 1758 2348 publici
1783 2285 1953 2339 cura,
1979 2267 2198 2328 multos
2221 2267 2486 2346 egregios
2509 2269 2669 2328 viros
2689 2267 2902 2330 adver-

995 2363 1227 2434 tebant,
1254 2373 1322 2424 ut
1350 2363 1571 2424 mederi
1604 2372 1908 2445 cuperent.
1991 2363 2221 2424 Verum
2257 2363 2908 2446 cuncta'repntantibus

994 2459 1177 2520 tutius
1200 2462 1391 2520 visum
1416 2468 1527 2532 cst,
1564 2459 1894 2540 relinquere
1929 2460 2156 2522 intacta
2186 2461 2448 2532 civitatis
2473 2460 2693 2533 ulcera,
2719 2448 2901 2542 quam

850 2607 861 2620 .
995 2555 1205 2638 impari
1232 2556 1491 2618 remedio
1524 2556 1826 2618 solicitare
1862 2556 1941 2616 ad
1978 2557 2358 2617 acerbitatem
2396 2558 2700 2618 atrocioris
2737 2557 2902 2620 mali.

668 2647 803 2701 Plat-
996 2651 1325 2732 Ferturque
1360 2673 1480 2714 non
1515 2652 1640 2714 alia
1663 2652 1980 2734 prudentia
2003 2653 2081 2714 C.
2113 2653 2333 2713 Laelius
2359 2652 2660 2737 Sapientis
2681 2675 2902 2734 cogno-

993 2767 1129 2808 nen
1176 2749 1535 2829 quaesivisse,
1586 2769 1768 2829 quam
1817 2748 1978 2829 quod
2020 2751 2080 2809 in
2127 2750 2424 2809 tribunatu
2467 2770 2704 2810 movere
2755 2751 2903 2812 talia

994 2853 1261 2916 conatus,
1289 2844 1391 2905 ubi
1421 2847 1655 2924 majora
1677 2866 1781 2926 spe
1808 2846 2070 2925 pericula
2093 2845 2264 2916 vidit,
2291 2846 2615 2906 destiterat.
2701 2853 2708 2860 ’

668 2923 913 3038 ᾶὲἒξῗὶ·
1074 2949 1134 3002 8.
1180 2941 1418 3020 Majore
1444 2940 1660 3002 deinde
1687 2943 2141 3022 perseverantia,
2169 2942 2272 3002 scd
2297 2942 2498 3004 multis
2521 2951 2584 3003 et
2609 2953 2748 3004 ante
2771 2963 2898 3006 om-

667 3053 783 3112 Dei,
800 3026 975 3106 :ri-2⁴.
994 3057 1099 3098 nes
1120 3037 1237 3099 sibi
1276 3040 1551 3111 exitiosa,
1584 3059 1826 3100 causam
1851 3039 2103 3122 eandem
2132 3059 2305 3118 agere
2329 3039 2426 3100 Τί.
2455 3039 2769 3102 Gracchus
2807 3042 2898 3102 in-

697 3132 805 3184 cic.
827 3135 891 3183 de
994 3135 1207 3210 stituit,
1244 3155 1378 3196 cum
1406 3135 1753 3197 adolescens
1775 3136 2018 3208 nobilis,
2043 3133 2355 3207 facundus,
2383 3145 2444 3196 et
2474 3138 2606 3216 jam
2631 3138 2900 3198 tribuna-

662 3197 760 3311 Ῡ·
786 3203 899 3312 {3¹2⁶
992 3238 1117 3291 tum
1168 3231 1361 3313 plebis
1412 3253 1643 3311 gerens,
1686 3233 2094 3292 auctoritatem
2139 3253 2318 3312 quam
2367 3253 2552 3312 genus
2589 3233 2898 3307 afferebat,

666 3278 802 3376 Pffi·
990 3326 1342 3408 eloquentiae
1370 3329 1680 3409 praesidiis,
1711 3337 1774 3388 et
1787 3331 1930 3407 jure
1957 3329 2330 3407 magistratus
2347 3331 2790 3402 communitam,
2817 3330 2898 3392 ad

982 3425 1419 3485 contentionem
1446 3423 1523 3484 de
1550 3425 1730 3485 tantis
1757 3424 1932 3484 rebus
1957 3425 2273 3484 attulisset.
2895 3451 2900 3456 ·

996 3553 1007 3568 ·
1068 3527 1129 3580 9.
1175 3518 1573 3582 Accedebant
1605 3521 1685 3580 ad
1709 3521 1839 3581 haec
1865 3521 2192 3601 quotidiani
2221 3523 2298 3580 ab
2327 3522 2552 3592 amicis,
2580 3522 2659 3582 ab
2693 3539 2895 3602 mqua-

988 3615 1165 3689 libus,
1203 3635 1242 3676 a
1278 3625 1465 3678 matre
1494 3617 1734 3678 stimuli.
1821 3615 1988 3678 Nam
2015 3628 2078 3676 et
2099 3618 2380 3677 Cornelia
2403 3639 2560 3698 saepe
2587 3619 2896 3700 reprehen-

988 3711 1143 3772 disse
1185 3711 1341 3774 filios
1374 3713 1708 3785 dicebatur,
1753 3724 1770 3750 ‘
1793 3712 1956 3793 quod
1999 3733 2037 3773 a
2079 3715 2302 3795 populo
2339 3714 2651 3796 Scipionis.
2671 3735 2895 3788 socrus,

988 3809 1249 3870 nondum
1272 3809 1679 3871 Gracchorum
1707 3819 1897 3870 mater
1921 3819 2232 3870 vocaretur
2255 3811 2296 3870 :⁹
2337 3819 2399 3872 et
2419 3810 2529 3892 Sp.
2549 3811 2898 3872 Postumius

988 3905 1237 3967 emulus
1268 3906 1537 3978 laudum,
1564 3915 1649 3978 et,
1675 3907 1819 3968 dum
1841 3905 2070 3966 militine
2111 3905 2424 3967 Gracchus
2461 3908 2650 3987 abest,
2677 3907 2896 3968 forensi

986 4001 1177 4081 gloria
1186 3990 1445 4063 ⁸multum
1465 4013 1796 4084 provectus,
1813 4003 2142 4082 juvenilem
2161 4005 2422 4062 animum
2447 4005 2674 4064 urebat.
2719 4003 2896 4064 Prn-

985 4099 1145 4178 cipui
1196 4110 1395 4159 tamen
1442 4099 1790 4172 incensores,
1843 4099 2190 4180 Diophanes
2237 4099 2645 4182 Mitylenaeus,
2698 4109 2763 4160 et
2813 4100 2894 4162 C.

990 4195 1231 4255 Blosius
1258 4195 1463 4258 Cumis
1492 4197 1841 4278 Campaniae
1869 4196 2172 4268 oriundus,
2213 4195 2489 4256 fuerunt:
2531 4195 2686 4259 alter
2709 4195 2894 4258 diser·-

660 4290 799 4412 ωίέἱὲ
817 4291 943 4408 ἔτι-α·
986 4289 1242 4352 tissimus
1266 4313 1340 4354 ea
1361 4303 1715 4375 tempestate
1742 4294 2108 4365 Graecorum,
2136 4303 2198 4354 et
2221 4291 2460 4353 dicendi
2483 4293 2728 4356 Tiberio
2763 4313 2896 4355 ma·

662 4419 795 4469 Plut.
987 4389 1186 4470 gister,
1214 4391 1365 4452 alter
1384 4391 1698 4474 Antipatri
1717 4391 2019 4454 Tarsensis
2035 4391 2363 4464 familiaris,
2383 4401 2448 4452 et
2462 4393 2542 4452 ab
2566 4413 2640 4454 eo
2658 4394 2893 4476 sapien·-
3009 4387 3017 4392 ’

986 4489 1087 4548 tiae
1104 4487 1311 4550 studiis
1336 4489 1615 4551 eruditus.
