3225 5242
828 605 1040 659 mum
1091 606 1288 657 exn.
1333 606 1982 659 ουννιιιιιιιιιτυιι.
2340 586 2517 655 4219

285 750 470 832 cepit,
498 750 800 832 ‘pabonis
815 751 1130 813 testimonii
1159 750 1398 812 dicendi
1427 750 1707 812 adversus
1722 751 1967 812 clientes
1986 750 2189 811 remis·
2214 744 2397 862 ῦθῖιων
2390 760 2517 861 ⁸⁹13

285 868 416 909 sam
443 848 698 909 moribus
721 868 846 909 esse
871 848 1316 911 necessitatem:
1359 868 1532 931 porro
1554 848 1631 909 0.
1661 848 1921 909 Marium
1948 849 2193 928 ejusque
2216 876 2353 925 pm
2566 878 2569 881 ·

286 953 564 1026 parentes
591 956 818 1027 semper
857 947 918 1006 in
950 944 1392 1007 Herenniomm
1426 945 1711 1007 clientela
1733 945 1933 1005 fuisse.
1936 945 1955 973 '
2038 945 2195 1004 Cum

287 1062 364 1101 ea
379 1042 686 1103 excusatio
710 1062 749 1103 a
761 1042 1068 1123 judicibus
1091 1044 1477 1124 acciperetur,
1506 1042 1781 1104 Marius'
1766 1062 1889 1123 ipse
1908 1042 2193 1103 reclama-

288 1138 402 1210 vit,
430 1146 449 1173 ‘
473 1139 816 1218 magistratu
851 1148 1036 1221 capto
1063 1142 1170 1220 jus
1198 1148 1578 1221 patronorum
1615 1138 1752 1199 tolli
1773 1140 1792 1168 '
1822 1138 2195 1201 testificatus.

293 1232 478 1313 Unde
503 1254 854 1314 cog-noscere
879 1237 1118 1318 spiritus
1141 1238 1254 1298 viri
1278 1236 1441 1310 licet,
1467 1238 1653 1299 etiam
1668 1236 1917 1299 salubris
1940 1245 2067 1296 tum
2084 1236 2195 1295 hu·

290 1330 563 1392 militatis
594 1334 680 1393 ita
721 1333 977 1413 pertaesi,
1003 1343 1071 1394 ut
1094 1332 1442 1415 productum
1481 1334 1560 1394 ab
1587 1332 2046 1405 accusatoribus,
2072 1352 2111 1392 a
2134 1352 2197 1391 se

291 1428 583 1489 irritatum
617 1437 828 1489 testem
869 1427 1061 1489 audiri
1097 1427 1324 1501 mallet,
1361 1449 1542 1511 quam
1579 1450 1643 1489 se
1684 1428 1957 1489 clientem
1998 1430 2199 1506 cujus·-

289 1541 470 1603 quam
506 1522 776 1585 confiteri
803 1544 819 1584 ε
877 1544 1014 1587 cum
1051 1526 1372 1605 prasertim
1405 1546 1478 1586 ne
1519 1546 1663 1587 vera
1695 1522 1935 1606 quidem
1972 1525 2197 1584 ratione

291 1626 569 1681 uteretur.
653 1619 796 1682 Nec
823 1621 984 1681 enim
1004 1620 1258 1702 quilibet
1275 1623 1672 1714 magistratus,
1699 1621 1805 1683 sed
1828 1619 2047 1682 curulis
2066 1628 2196 1681 tan-

293 1723 444 1788 tum,
471 1716 758 1777 clientela
779 1716 1014 1779 liberat.

372 1816 476 1873 26.
521 1811 617 1874 Μ.
641 1812 917 1874 AEmilius
942 1812 1222 1887 Scaurus,
1252 1814 1348 1875 Μ.
1377 1813 1659 1877 Coecilius
1680 1814 1965 1877 Metellus
1988 1835 2197 1876 consu·
2258 1834 2366 1887 cic
2392 1852 2433 1885 u
2440 1852 2475 1885 1,

292 1906 381 1969 les
421 1919 767 1991 sequuntur.
771 1911 803 1945 ⁴
885 1911 1030 1978 Quo
1069 1930 1226 1972 anno
1267 1911 1342 1973 C.
1392 1910 1624 1971 Marius
1663 1921 1979 1993 praeturam
2026 1912 2203 1990 gessit
2225 1903 2309 2018 go
2260 1895 2415 1951 ⁰0³⁴·
2445 1915 2491 1950 ⁶·

292 2025 432 2066 cum
467 2006 750 2067 mediocri
793 2006 994 2078 laude,
1021 2016 1084 2067 et
1117 2010 1488 2088 sequentium
1521 2018 1850 2089 temporum
1886 2008 2205 2068 honoribus
2258 2028 2376 2080 San
2408 2027 2477 2078 J„
2447 2040 2531 2091 ug.

291 2102 416 2164 fere
441 2103 840 2165 obliteratam.
922 2104 1238 2186 collegam
1265 2107 1396 2184 ejus
1427 2105 1486 2165 in
1522 2114 1777 2187 praetura
1802 2106 1885 2166 P.
1924 2104 2199 2177 Decium,
2226 2098 2499 2207 ⁰22⁸}ss

293 2201 455 2283 quod
483 2222 546 2261 se
573 2210 910 2263 transeunte
935 2202 1188 2275 sederet,
1215 2224 1514 2283 assurgere
1548 2203 1757 2264 consul
1794 2202 2098 2263 Scaurus'
2067 2224 2202 2283 Jus-
2226 2224 2330 2272 Vir.
2344 2158 2532 2270 mnia.

292 2300 393 2369 sit,
421 2298 596 2377 eique
625 2308 846 2359 vestem
873 2298 1070 2372 scidit,
1094 2300 1300 2359 sellam
1326 2300 1608 2371 concidit,
1628 2320 1701 2359 ne
1728 2300 1857 2379 quis
1882 2298 1961 2359 ad
1988 2320 2124 2359 eum
2142 2300 2201 2358 in
2228 2288 2388 2403 “5¹³2
2414 2302 2532 2334 vm.

282 2395 391 2472 jus
415 2394 551 2464 iret,
579 2392 790 2456 edixit.
833 2394 1065 2453 Eadem
1092 2395 1378 2473 gravitate
1397 2396 1783 2455 sumtuariam
1810 2393 1999 2474 legem
2024 2394 2199 2463 tulit:
2229 2419 2275 2464 A
2281 2422 2379 2464 ...οι
2414 2414 2477 2461 de

292 2488 506 2550 eadem
533 2490 712 2549 aliam
740 2490 817 2549 de
843 2490 1251 2551 libertinorum
1276 2490 1592 2570 suffragiis.
2229 2481 2320 2531 Vir
2320 2480 2443 2531 ·1¹¹⁰
2448 2485 2534 2529 ⁸²¹·

375 2592 479 2649 27.
523 2585 746 2666 Neque
765 2588 976 2647 minori
1001 2588 1315 2649 severitate
1339 2606 1649 2650 censuram
1670 2586 1741 2647 L.
1766 2586 2047 2648 Caecilius
2068 2586 2206 2648 Me-

292 2682 478 2743 tellus
521 2682 924 2755 Dalmaticus,
953 2684 1072 2745 Cn.
1098 2683 1402 2745 Domitius
1438 2685 1885 2745 Ahenobarbus
1922 2704 2207 2745 exercue-
2233 2708 2344 2759 Li„
2368 2706 2501 2771 Epit.

292 2788 458 2852 runt,
499 2780 734 2840 duobus
764 2790 828 2841 et
849 2782 1094 2859 triginta
1129 2789 1334 2841 senatu
1373 2784 1586 2849 motis;
1631 2800 1753 2862 quo
1778 2782 1839 2839 in
1872 2800 2114 2842 numero
2148 2790 2211 2840 et
2262 2804 2379 2854 vd,
2394 2802 2535 2854 Mu,

297 2876 564 2937 Licinius
606 2875 772 2937 Geta
799 2877 1010 2959 prioris
1045 2878 1186 2938 anni
1219 2877 1431 2938 consul
1471 2878 1608 2948 fuit,
1638 2880 1763 2958 ipse
1804 2887 1940 2957 post
1980 2877 2211 2957 aliquot
2233 2874 2369 2983 ¹169·
2428 2946 2484 2981 m

295 2992 484 3033 annos
507 2974 836 3033 censoriam
855 2982 1210 3054 potestatem
1231 2973 1504 3055 adeptus.
1591 2972 1763 3033 Nota
1790 2972 1987 3033 Cassii
2017 2972 2209 3034 Saba·
2235 2948 2429 3047 Cldf‘cl.)
2450 3000 2536 3045 42.

295 3069 464 3129 conis
503 3067 582 3128 ad
609 3068 686 3130 C.
713 3068 898 3129 Marii
937 3072 1208 3150 praetoris
1241 3068 1546 3130 infamiam
1582 3070 1885 3150 pertinuit.
1969 3067 2009 3127 J
2016 3068 2213 3129 udicio
2237 3062 2278 3110 P
2280 3063 2367 3111 ¹¹²²·

293 3164 584 3225 Mariano
617 3165 1012 3244 interrogatus
1045 3186 1082 3226 a
1101 3164 1434 3244 judicibus,
1465 3174 1482 3201 ‘
1506 3164 1727 3245 ecquid
1762 3183 1968 3224 servus
1991 3166 2123 3241 ejus
2154 3164 2213 3223 in

295 3262 484 3342 septis
530 3261 793 3339 egisset?
857 3260 1096 3322 Sitienti
1147 3262 1262 3321 sibi
1320 3260 1600 3339 frigidm
1657 3260 1950 3331 attulisse,
1996 3258 2213 3319 deinde

297 3356 520 3437 poculo
567 3366 806 3438 recepto
855 3359 1058 3417 statim
1097 3357 1468 3437 digressum,'
1489 3357 1814 3439 respondit.
1900 3356 2214 3427 Censores,

299 3455 426 3515 sive
451 3452 606 3513 falsa
629 3452 1050 3534 respondisset,
1077 3454 1158 3513 ob
1193 3453 1568 3515 mendacium
1592 3475 1608 3524 3
1656 3456 1781 3514 sive
1810 3474 1971 3526 vera,
2014 3454 2095 3513 ob
2120 3453 2211 3511 in-

297 3550 776 3631 temperantiam,
801 3550 1048 3629 dignum
1073 3550 1584 3611 animadversione
1611 3571 1721 3611 sua
1742 3550 1968 3610 factum
1988 3550 2245 3609 babae--

297 3655 455 3706 runt.
539 3644 768 3730 §enatu
815 3645 1032 3705 deinde
1079 3648 1370 3707 recensito
1433 3648 1765 3728 principem
1806 3646 2075 3723 legerunt
2120 3644 2214 3705 M.
2240 3624 2389 3739 0⁸32·
2421 3622 2485 3673 ³¹¹
2458 3639 2537 3687 ¹¹⁸·

299 3742 612 3805 AEmilium
633 3741 926 3804 Scaurum
949 3742 1289 3803 consulem:
1335 3744 1479 3853 quia
1503 3743 1765 3803 consulis
1784 3741 2029 3802 alterius
2050 3749 2217 3820 pater
2273 3754 2363 3800 Plu
2368 3760 2403 3801 t.
2427 3753 2490 3799 de

304 3840 390 3907 Q.
436 3838 728 3900 Metellus
771 3838 1225 3911 Macedonicus,
1273 3841 1380 3919 qui
1419 3840 1823 3920 superioribus
1862 3837 2059 3897 lustris
2097 3836 2286 3931 legic
2240 3817 2309 3865 ΡΟ
2312 3826 2375 3867 η·
2396 3815 2541 3865 Rom.

299 3945 736 4007 eonnuevemt:=
765 3934 892 3995 fato
917 3944 1050 3995 erat
1071 3934 1334 3996 functus.
2240 3994 2413 4044 Vel!
2420 3998 2539 4049 u·

383 4039 483 4093 28.
528 4032 763 4093 Raram
797 4032 974 4111 hujus
1014 4030 1258 4093 Metelli
1293 4030 1647 4091 felicitatem
1689 4027 1865 4089 multi
1904 4028 2217 4108 scriptores
2240 4058 2373 4111 Plut

370 4254 404 4285 ⁸
438 4254 504 4305 Α.
527 4254 596 4303 U.
617 4255 678 4305 C.
699 4258 816 4306 ⁶⁸⁷.
881 4254 947 4305 Α.
969 4256 1029 4306 C·
1051 4260 1166 4307 115.
1301 4252 1985 4307 mumlnstrolectusfuerat
2002 4257 2217 4301 senatus

370 4321 493 4397 ⁸Q.
519 4320 745 4370 Metellus
767 4322 882 4371 Mac
881 4322 1118 4380 εαοκίειυ,
1139 4322 1223 4386 qui
1301 4324 1569 4386 princeps,
1605 4320 1687 4382 ips
1692 4334 1723 4369 o
1758 4326 2003 4369 narrante
2037 4314 2219 4365 Frein-

299 4399 427 4516 2:35·
442 4357 1220 4516 “02⁵⁶M“⁸21⁸.⁸if.‘.2⁵⁸..¹.2{³.{3?3⁵3{1
1299 4388 1516 4503 ἓξὲξ.
1540 4386 1685 4499 εἶ’-ἓξ
1718 4398 1876 4449 ’““”“
1912 4396 2027 4435 ¹¹¹
2045 4384 2127 4435 ⁴⁹
2162 4388 2219 4431 ‘³‘
