3225 5242
773 582 982 632 mum
1039 582 1263 632 nxm.
1307 554 1961 633 surrnsumwuu.
2302 566 2481 632 4235

257 724 522 794 conscias
546 722 756 813 §donec
786 726 1036 787 Manius
1061 726 1151 804 (id
1183 726 1240 787 ei
1285 728 1584 809 mancipio
1627 746 1840 787 nomen
1878 724 2020 805 fuit)
2046 744 2151 785 ne-

257 842 370 903 que
389 821 720 885 libertatem
747 824 885 897 sibi,
911 844 1106 906 neque
1133 825 1254 885 alia
1295 826 1374 885 ab
1413 824 1555 885 hero
1581 820 1867 906 promissa
1890 820 2155 905 praestari

257 917 610 997 indignatus,
648 940 772 979 rem
797 940 1033 981 omnem
1067 922 1336 1003 aperuit:
1379 920 1802 1001 irrefragabilis
1842 919 2045 989 index,
2088 926 2157 978 ut

255 1015 356 1093 qui
377 1016 562 1076 totius
583 1014 808 1077 fabuloe
831 1018 960 1098 ipse
985 1017 1329 1078 administer
1351 1028 1635 1099 actorque
1664 1019 1887 1099 primus
1924 1015 2153 1076 fuisset.

259 1110 332 1171 In
355 1114 484 1193 pari
509 1110 710 1173 tamen
727 1114 931 1195 culpa,
957 1116 1262 1177 sententiis
1287 1113 1654 1196 pontificum,
1680 1114 1761 1175 ad
1785 1112 1944 1194 quod
1970 1112 2155 1173 colle-

255 1208 413 1286 gium
435 1228 512 1269 ea
535 1210 796 1289 cognitio
819 1230 898 1269 ex
926 1210 1058 1289 lege
1079 1210 1306 1272 Numae
1331 1212 1686 1293 pertinebat,
1716 1210 1961 1271 AEmilia'
1984 1208 2153 1269 dam-
2212 1220 2423 1293 Dionys.
2446 1226 2483 1274 1.

255 1314 416 1377 nata,
445 1304 686 1366 Marcia
707 1316 770 1366 et
798 1306 1034 1367 Licinia
1060 1308 1347 1368 absolutoe
1371 1316 1546 1369 sunt:
1573 1306 1776 1379 credo,
1797 1307 1941 1387 quia
1962 1326 2153 1366 secre-
2180 1306 2257 1403 ”A

253 1402 372 1462 tius
415 1412 772 1484 peccaverat
815 1402 1075 1475 Marcia,
1111 1404 1402 1464 Liciniam
1446 1404 1683 1483 gentilis
1722 1404 1813 1463 sui
1856 1402 1927 1463 L.
1955 1402 2155 1463 Crassi
2180 1370 2398 1471 Poeffi‘ss'.
2428 1420 2483 1470 in

251 1495 596 1579 eloquentia
643 1502 963 1581 eripuerat,
1010 1501 1114 1580 qui
1163 1509 1289 1560 tum
1342 1502 1662 1582 septimum
1706 1508 1769 1559 et
1810 1500 2154 1559 vicesimum
2177 1484 2287 1599 ξῐῑξ·
2308 1500 2396 1601 Pg?

250 1596 446 1655 etatis
467 1612 689 1657 unum
715 1614 918 1675 agens,
945 1594 1356 1657 admirabilem
1379 1618 1489 1678 pro
1513 1616 1588 1657 ea
1609 1597 1936 1657 orationem
1962 1594 2155 1655 habu·
2179 1564 2439 1673 31¹5th
2548 1650 2563 1667 ,

251 1690 364 1751 'nse
397 1690 636 1753 dicitnr.
717 1692 1028 1753 AEmiliam
1069 1691 1156 1753 A.
1195 1691 1280 1753 D.
1327 1710 1445 1754 xv.
1492 1693 1803 1754 Kalendas
1840 1692 2157 1753 Januarias
2176 1682 2263 1791 *ἒ
2472 1740 2481 1751 .

249 1785 592 1848 damnatam
619 1788 870 1869 reperio.
913 1788 1174 1849 Postero
1183 1788 1292 1850 ‘die
1319 1788 1558 1850 fuerunt
1585 1788 1959 1850 Saturnalia:
1987 1788 2153 1849 dein·
2177 1750 2487 1872 wfffss‘mb,

243 1880 326 1942 de
344 1882 436 1945 A.
459 1882 542 1943 D.
561 1897 728 1947 xnl.
757 1884 1068 1946 Kalendas
1091 1884 1132 1944 J
1135 1885 1411 1949 annarias
1431 1886 1669 1948 Licinia
1689 1883 2153 1948 causamdicere
2177 1872 2281 1923 sn·
2304 1890 2345 1925 ¹·
2368 1877 2451 1925 ¹⁰·

239 1982 414 2060 jussa
437 1990 548 2045 est.

329 2086 390 2139 9.
437 2076 679 2138 Interea
709 2075 788 2138 G.
817 2077 1104 2139 Caecilius
1136 2077 1448 2151 Metellus,
1483 2077 1599 2140 Cn.
1630 2078 1917 2160 Papirius
1952 2076 2157 2137 Carbo

247 2173 524 2235 consules
564 2173 770 2235 facti?
855 2174 1060 2235 Multa
1103 2182 1230 2234 tum
1267 2164 1540 2256 prodigia
1577 2176 1885 2235 nuntiata:
1926 2173 2155 2234 clarum
2179 2151 2490 2269 staffili-{⁸⁰

245 2268 368 2331 diei
409 2270 608 2331 lumen
655 2278 830 2330 nocte
872 2271 1100 2331 visum:
1143 2270 1457 2332 aediculam
1501 2280 1563 2331 et
1604 2273 1836 2351 signum
1880 2270 1957 2331 de
2006 2269 2160 2330 coelo

248 2376 456 2428 tacta:
499 2384 662 2427 aram
691 2366 918 2427 Salutis
942 2368 1367 2449 interruptam:
1412 2368 1472 2427 in
1514 2368 1774 2429 Lucanis
1813 2376 1875 2428 et
1910 2367 2157 2428 Priver-

247 2464 376 2523 nati
399 2482 612 2542 agrum
652 2462 772 2523 late
813 2463 1043 2523 biasse:
1085 2472 1350 2524 montem
1392 2462 1708 2525 Albanum
1752 2471 1817 2525 et
1856 2464 1917 2523 in
1946 2462 2161 2523 Gallia

245 2558 466 2619 coelum
509 2559 741 2620 arsisse.
829 2559 1070 2627 Quibus
1109 2560 1172 2619 in
1213 2560 1460 2639 vulg-um
1495 2551 1751 2633 diditis,¹
1796 2580 1934 2621 cum
1977 2562 2178 2621 aucta*

243 2654 506 2716 celestis
539 2656 644 2716 irae
667 2654 924 2717 formido
963 2664 1140 2729 esset,
1172 2656 1475 2736 judicium
1505 2656 1752 2717 Liciniae
1796 2658 2001 2717 multis
2038 2676 2163 2716 ser-

247 2753 528 2812 monibus
565 2752 779 2831 agitari
803 2754 1016 2834 coepit:
1061 2762 1080 2791 ⁸
1103 2774 1150 2813 a·
1168 2752 1552 2834 pontificibus
1585 2752 1780 2826 illam,
1808 2772 1927 2813 non
1954 2772 1995 2813 a
2020 2752 2161 2814 Diis

247 2848 592 2909 absolutam
615 2868 764 2909 esse.
851 2848 1018 2922 Hos,
1045 2850 1192 2929 quia
1214 2849 1438 2929 negligi
1463 2870 1529 2919 se
1553 2850 1820 2921 videant,
1836 2858 2160 2929 ‘contemta

243 2947 582 3025 majeuatis
603 2945 892 3007 ultionem
917 2940 1232 3007 manifesto
1257 2966 1488 3007 sumere
1511 2947 1863 3009 decrevisse.
1932 2946 2013 3007 Id
2040 2966 2157 3007 non

247 3042 432 3104 modo
453 3043 864 3124 frequentibus
887 3051 952 3103 et
975 3044 1148 3105 saevis
1173 3043 1460 3124 prodigiis
1484 3044 1721 3115 minari,
1748 3032 1860 3105 sed
1874 3042 2159 3105 crudelis-

243 3140 536 3229 simuum
575 3141 839 3220 gentium
879 3140 1060 3201 bellis
1093 3148 1274 3221 atque
1307 3140 1791 3221 populationibus
1830 3140 2161 3203 ostendere.

245 3234 622 3309 Scordiscos,
650 3232 1067 3317 Cimbrosque,
1109 3246 1174 3297 et
1213 3237 1499 3298 inaudita*
1509 3246 1744 3319 patrum
1770 3246 1946 3299 aetate
1970 3239 2159 3305 nomi-

243 3350 346 3405 na,
375 3352 456 3394 ne
481 3334 658 3413 longe
681 3334 925 3415 quidem
951 3336 1196 3395 abesse:
1228 3334 1362 3415 jam
1403 3336 1467 3395 in
1507 3336 1794 3417 proximis
1820 3336 2159 3417 provinciis,

243 3431 308 3490 in
353 3432 506 3513 ipsis
547 3432 748 3493 Italiae
799 3430 1016 3493 finibus
1058 3434 1344 3514 conspici.
1427 3432 1819 3495 Manentibus
1866 3434 2159 3495 malorum
2288 3454 2293 3459 ·
2320 3452 2323 3455 ’

241 3530 450 3590 causis
479 3528 660 3591 finem
687 3529 904 3591 frustra
928 3532 1270 3611 expectari:
1313 3530 1685 3591 liberandam
1726 3552 1913 3613 ocyus
1956 3530 2157 3613 religi-

243 3644 360 3686 one
385 3626 717 3701 civitatem,
755 3634 820 3687 et
847 3628 1188 3689 nocentium
1220 3628 1515 3709 supplicio
1556 3628 1961 3690 redimendam
1988 3629 2156 3691 Deo·
2180 3642 2185 3645 '

242 3742 376 3785 rum
401 3742 616 3806 pacem
640 3744 787 3785 esse.
1143 3746 1156 3753 ·

332 3826 438 3883 lo.
483 3830 502 3859 ‘
525 3820 748 3901 Neque
793 3820 1034 3895 referre,
1081 3820 1242 3903 quod
1285 3820 1470 3883 semel
1519 3820 1789 3885 decresse
1835 3821 2155 3902 collegium

241 3918 510 3981 dicatur.
592 3920 798 3981 Etiam
823 3922 884 3981 in
917 3922 1125 3993 sacris,
1151 3920 1359 4003 populi
1383 3940 1565 4001 quam
1590 3918 1937 4002 pontificum
1964 3920 2155 4000 majo-

243 4037 374 4077 rem
425 4024 778 4098 potestatem
827 4038 992 4079 esse:
1043 4018 1226 4098 idque
1267 4016 1580 4100 pontifices
1624 4018 1781 4099 ipsos
1825 4017 2151 4095 agnovisse.
2213 4040 2319 4091 cu,
2338 4056 2432 4107 μ.

245 4112 357 4175 Sic
403 4112 482 4175 C.
521 4112 798 4175 Cassium
837 4134 1162 4187 censorem,
1207 4116 1441 4195 signum
1479 4112 1833 4198 Concordiae
1874 4112 2154 4173 dedicare
2179 4106 2329 4157 Βοῦ-
2344 4110 2485 4159 &⁵⁸-

242 4212 614 4294 cupientem,
644 4232 683 4273 a
699 4210 954 4293 collegio
979 4212 1058 4273 ad
1084 4213 1290 4295 populi
1313 4214 1684 4274 voluntatem
1702 4212 2007 4292 rejectum.
2053 4210 2157 4272 Sic

841 4384 868 4433 1
905 4380 1101 4433 Deditis
1121 4376 1245 4429 edd.
1271 4387 1396 4429 ante
1419 4380 1576 4431 Crev.

1034 4490 1398 4513 ”euoenon

809 4564 842 4596 ⁸
877 4562 946 4617 Α.
970 4564 1039 4615 U.
1057 4564 1119 4616 c.
1140 4566 1258 4616 ⁸89.
1328 4562 1394 4614 A.
1421 4560 1484 4613 C.
1503 4564 1616 4613 118.
