3225 5242
731 566 906 631 4276

1700 574 1770 627 ‘l'-
1818 578 2005 628 mvn

1051 732 1195 797 tem,
1223 720 1382 785 unde
1409 718 1675 781 Romani
1700 728 2008 791 venerant,
2043 716 2453 800 occupandum
2485 720 2700 791 missis,
2728 738 2805 780 ne
2824 718 2963 779 hos-

1053 829 1144 881 tes
1162 842 1235 881 eo
1259 840 1322 880 se
1349 820 1612 900 recipere
1651 826 1911 899 possent,
1950 818 2054 877 ubi
2094 817 2303 878 adesse
2340 825 2573 897 tempus
2606 816 2964 899 incipiendo

1054 938 1266 999 pugnae
1293 926 1485 998 putat,
1515 917 1686 995 signo
1706 913 1978 977 celeriter
2001 914 2167 987 dato,
2195 935 2377 996 quam
2402 916 2731 975 maximum
2767 924 2968 997 potest

1050 1024 1332 1076 terrorem
1353 1013 1502 1074 locis
1524 1013 1802 1073 omnibus
1824 1011 2025 1072 infert.

1130 1120 1192 1174 9.
1235 1110 1527 1173 Numidae
1555 1112 1691 1190 jam
1732 1118 1871 1171 ante
1908 1130 1947 1170 a
1980 1130 2117 1189 rege
2148 1108 2339 1181 docti,
2370 1109 2475 1170 alii
2508 1118 2681 1189 terga
2700 1110 2965 1171 hostium

1050 1210 1313 1280 caedunt,
1352 1208 1457 1269 alii
1488 1208 1775 1270 lateribus
1800 1207 2385 1268 circumfunduntur:
2424 1207 2747 1267 missilibus
2770 1210 2967 1269 maxi·

1051 1326 1147 1367 me
1187 1328 1310 1367 rem
1358 1316 1606 1385 gerunt:
1661 1306 1897 1388 quoties
1942 1306 2383 1386 impressionem
2424 1304 2739 1366 Romanus
2782 1326 2968 1386 eques

1048 1402 1295 1475 faceret,
1316 1404 1524 1465 solutis
1548 1404 1853 1464 ordinibus
1878 1406 1939 1462 in
1964 1402 2260 1463 diversam
2289 1400 2493 1481 fugam
2518 1402 2715 1474 effusi,
2744 1402 2965 1464 deinde

1049 1502 1467 1563 recedentibus
1493 1504 1708 1561 iterum
1734 1502 2038 1562 instantes.
2120 1500 2305 1567 Quod
2344 1501 2393 1560 si
2418 1502 2781 1582 pertinacius
2807 1502 2965 1561 inse·

1049 1598 1406 1679 (luebantur,
1441 1618 1545 1659 eos
1577 1597 1811 1678 longius
1845 1617 1884 1658 a
1922 1596 2043 1657 suis
2068 1596 2308 1659 avulsos
2332 1596 2510 1657 facile
2534 1599 2963 1659 circumvenie-

1051 1693 1219 1767 bant,
1246 1695 1625 1756 multitudine
1661 1696 2012 1776 superiores,
2038 1704 2102 1755 et
2123 1715 2197 1755 eo
2222 1694 2383 1774 quod
2406 1696 2623 1756 assueti
2653 1694 2963 1756 Numida·-

1049 1811 1180 1851 rum
1199 1793 1338 1873 equi
1359 1813 1466 1874 per
1491 1793 1696 1873 plana,
1718 1812 1825 1874 per
1844 1810 2074 1872 aspera,
2104 1793 2325 1874 pariter
2346 1794 2477 1853 usui
2502 1803 2672 1854 erant
2683 1813 2701 1863 ς
2726 1792 2961 1855 Roma-

1049 1907 1158 1948 nos
1177 1892 1464 1971 asperitas
1489 1898 1554 1950 et
1573 1890 1887 1950 insolentia
1907 1888 2175 1950 locorum
2202 1890 2565 1952 morabatur.

1129 1992 1228 2046 10.
1275 1986 1438 2048 Hoec
1461 1987 1647 2049 facies
1666 2006 1881 2069 pugnae
1908 2008 2044 2047 cum
2068 2006 2286 2066 magna
2311 1997 2481 2069 parte
2500 1986 2623 2048 diei
2650 1988 2956 2060 tenuisset,

1047 2084 1319 2145 omnibus
1337 2094 1488 2146 aesm
1504 2083 1580 2145 'et
1606 2083 1813 2146 labore
1838 2084 2103 2157 defessis,
2130 2085 2297 2145 velut
2320 2087 2522 2146 tacitae
2548 2084 2805 2146 induciae
2830 2106 2961 2147 esse

1047 2192 1390 2264 coeperunt:
1431 2184 1809 2265 spatiumque
1848 2180 2105 2244 Metello
2134 2182 2273 2253 fuit,
2314 2183 2482 2243 vario
2518 2182 2709 2264 praelii
2744 2200 2959 2262 genere

1045 2278 1364 2341 distractos
1385 2277 1623 2341 ordines
1652 2278 2062 2360 componendi.
2129 2279 2316 2348 Quod
2332 2281 2435 2343 ubi
2455 2280 2703 2353 factum,
2725 2280 2959 2343 multis-

1048 2398 1168 2458 que
1221 2380 1343 2439 suis
1390 2378 1899 2439 cohortationibus
1948 2376 2379 2457 redintegratos
2422 2377 2679 2439 militum
2732 2380 2959 2441 animos

1047 2473 1250 2545 videt3
1296 2485 1552 2558 quatuor
1569 2476 1846 2537 cohortes
1872 2474 2229 2554 legionarias
2252 2476 2535 2536 adversus
2561 2474 2956 2539 Numidicum

1043 2571 1377 2651 peditatum
1401 2574 1732 2645 constituit,
1766 2576 1941 2653 cujus
1976 2592 2110 2653 pars
2145 2592 2363 2652 magna
2387 2572 2711 2655 pugnando
2736 2572 2957 2635 defati-

1044 2678 1187 2747 gata
1212 2672 1607 2752 superioribus
1633 2670 1783 2731 locis
1804 2669 2171 2731 consederat.
2256 2668 2483 2751 Neque
2517 2668 2819 2750 Jugurtha
2858 2672 2956 2732 ul-

1045 2763 1168 2825 lum
1197 2767 1337 2827 boni
1373 2766 1543 2828 ducis
1579 2776 1687 2827 aut
1720 2766 1927 2827 militis
1967 2758 2225 2828 officium
2268 2768 2683 2848 praetemisit:
2726 2770 2957 2829 artibus

1041 2861 1188 2923 belli
1216 2884 1324 2945 par
1351 2863 1647 2934 Mete1103
1688 2872 1904 2925 natura
1928 2863 2045 2925 loci
2076 2866 2341 2946 superior
2365 2884 2381 2924 ι
2417 2864 2522 2925 sed
2549 2866 2769 2927 virtute
2792 2866 2955 2928 mili-

1041 2968 1170 3020 tum
1189 2962 1559 3023 vincebatur.
1628 2960 2111 3043 vesperascente·
2129 2964 2267 3043 jam
2290 2960 2387 3021 die
2414 2960 2703 3035 Romani,
2732 2966 2955 3046 quibus

1043 3078 1164 3120 una
1185 3060 1316 3121 haec
1347 3060 1555 3120 salutis
1575 3059 1679 3120 via
1702 3068 2029 3141 supererat,
2064 3080 2137 3120 ne
2164 3060 2242 3120 ab
2267 3060 2536 3119 hostibus
2560 3060 2729 3121 velut
2753 3063 2954 3123 obses—

1043 3156 1116 3228 si,
1143 3178 1334 3217 rerum
1358 3157 1644 3229 omnium,
1670 3166 1734 3218 et
1758 3158 2083 3239 praesertim
2106 3175 2279 3237 aquae
2302 3156 2551 3237 penuria
2570 3156 2951 3231 fatiscerent3

1042 3252 1105 3313 vi
1131 3274 1345 3332 magna
1363 3254 1611 3325 connisi,
1634 3254 2029 3335 superioribus
2055 3252 2200 3313 locis
2215 3254 2442 3313 hostem
2465 3254 2772 3335 expulere.
2818 3254 2953 3319 Hic

1043 3347 1178 3409 finis
1217 3350 1424 3431 praelio
1461 3350 1612 3410 fuit:
1652 3352 1863 3430 majori
1907 3352 2204 3411 exercitus
2244 3351 2323 3410 ob
2362 3352 2583 3411 victam
2617 3351 2955 3415 molestiam

1043 3446 1286 3525 gaudio,
1313 3467 1493 3527 quam
1510 3450 1758 3526 jactura
1781 3448 2125 3528 Jugurthini
2144 3449 2372 3519 militis,
2399 3450 2503 3527 qui
2520 3448 2670 3510 levis
2684 3458 2748 3510 et
2766 3472 2952 3533 expe-

1041 3542 1228 3616 ditus,
1256 3564 1360 3625 per
1384 3552 1554 3604 notas
1575 3545 1864 3623 regiones,
1892 3545 2099 3606 labore
2115 3564 2327 3625 pugnae
2348 3544 2682 3624 languidos,
2702 3557 2765 3608 et
2786 3547 2951 3609 loco-

1043 3658 1174 3699 rum
1199 3640 1522 3721 imperitos,
1549 3639 1833 3701 facillime
1858 3641 2179 3702 evadebat.
2626 3714 2635 3722 ι

1125 3742 1222 3797 11.
1269 3736 1512 3796 Interea
1533 3736 1862 3809 Bomilcar,
1890 3757 1968 3798 ex
1992 3746 2287 3819 praecepto
2313 3738 2485 3816 regis,
2502 3758 2640 3799 cum
2664 3740 2947 3822 elephan-

1043 3832 1120 3893 tis
1143 3840 1206 3893 et
1237 3842 1405 3915 parte
1421 3834 1719 3915 peditatus
1737 3834 2038 3895 Rutilium
2064 3833 2228 3894 lento
2254 3833 2441 3913 gradu
2466 3846 2792 3910 assecutus,
2818 3855 2947 3901 cas-

1041 3937 1134 3989 tra
1181 3932 1677 3992 communientem
1726 3918 2085 4012 aggreditur,
2165 3930 2208 3991 J
2212 3952 2307 3991 am
2348 3941 2413 3992 et
2451 3931 2722 3995 Rutilius
2756 3938 2947 3997 aciem

1040 4034 1357 4097 struxerat,
1384 4028 1625 4107 pulvere
1662 4047 1842 4109 quem
1880 4028 2203 4090 adveniens
2237 4030 2420 4090 hostis
2442 4032 2772 4104 excitabat,
2798 4052 2945 4115 prae-

1043 4124 1318 4183 monitus.
1384 4122 1623 4209 Idcirco
1644 4124 1943 4205 pugnandi
1970 4144 2135 4186 mora
2162 4124 2327 4187 nulla
2351 4124 2494 4187 fuit:
2538 4126 2643 4187 sed
2663 4128 2942 4211 elephan-

1041 4214 1090 4278 ti
1119 4221 1298 4279 ramis
1333 4222 1633 4293 arborum,
1674 4240 1810 4301 quae
1845 4223 2190 4303 propinquis
2228 4222 2455 4283 flumini
2490 4222 2638 4285 locis
2670 4224 2943 4307 frequen·

1044 4323 1134 4375 tes
1174 4325 1366 4376 enatae
1405 4316 1661 4389 fuerant,
1715 4318 1985 4399 impediti
2021 4318 2396 4399 disjectique,
2432 4318 2693 4381 facilem·
2714 4321 2957 4383 Roma·.

1045 4412 1133 4470 nis
1158 4413 1462 4504 victoriam
1494 4414 1889 4494 praebuerunt.
1975 4415 2159 4497 Capti
2184 4426 2465 4497 quatuor:
2494 4416 2703 4499 reliqui
2720 4438 2939 4494 omnes,
