3225 5242
691 533 897 583 mam
950 534 1131 583 nvn.
1180 532 1834 585 surranunwrun.
2198 514 2372 581 4101
2501 574 2506 579 .

151 676 331 749 Deus,
364 678 427 737 in
468 695 567 748 ea,
608 684 895 756 quantum
932 675 1271 757 poterimus,
1312 676 1654 737 solennitati
1692 676 1831 737 huic
1860 675 2046 737 facie-

150 795 267 835 mus
309 776 477 835 satis.
560 774 685 835 Sed
720 782 788 834 ut
819 774 930 834 rite
964 793 1039 833 ac
1070 772 1275 834 ordine
1312 772 1459 833 fiant
1492 774 1712 845 omnia,
1755 773 1952 854 quiete
1980 780 2054 864 pt

148 872 569 953 tranquillitate
596 880 819 953 septem
845 870 1163 933 admodum
1189 869 1417 931 dierum
1440 871 1552 930 erit
1576 892 1742 951 opus.

219 976 320 1029 42.
365 978 385 1006 ‘
418 969 497 1031 In
520 970 637 1030 hoc
665 968 959 1029 tantillum
984 977 1217 1050 tempus
1228 967 1509 1029 inducias
1532 970 1613 1029 ab
1637 968 1918 1048 aequitate
1944 976 2050 1029 tua

148 1068 415 1148 petimus,
440 1086 551 1127 rex
587 1066 927 1136 Antioche;
960 1067 1122 1128 bona
1162 1084 1299 1127 cum
1338 1086 1467 1146 spe,
1498 1064 1624 1125 fore
1661 1072 1728 1125 ut
1755 1064 2050 1127 desiderio

148 1172 337 1225 nostro
376 1184 628 1235 annuas,
665 1163 907 1243 quando
942 1161 1089 1224 nihil
1114 1182 1221 1244 pro
1246 1161 1437 1233 nobis,
1464 1180 1574 1222 nec
1600 1160 1881 1222 adversus
1905 1161 2048 1221 rati·

148 1282 281 1321 ones
322 1269 463 1321 tuas
499 1260 879 1343 postulamus.
966 1260 1233 1321 Externa
1258 1259 1519 1319 subsidia
1550 1258 1718 1319 nulla
1753 1260 1870 1320 scis
1892 1260 2050 1321 intra

150 1367 371 1439 tempus
395 1358 513 1419 boe
537 1357 841 1439 expectari
868 1376 1073 1438 posse:
1103 1356 1326 1417 'famem
1354 1355 1523 1416 nobis
1548 1356 1830 1435 objicitis,
1855 1365 1919 1417 et
1943 1376 2050 1417 nos

149 1452 219 1513 de
241 1474 317 1513 ea
339 1455 514 1534 quasi
549 1452 851 1514 confessos
882 1452 1143 1525 creditis,
1186 1451 1349 1533 quod
1389 1449 1657 1511 inutilem
1699 1452 1932 1512 turbam
1967 1472 2048 1513 ex

150 1550 381 1611 civitate
406 1570 775 1611 summovere
820 1551 1019 1611 conati
1054 1570 1273 1610 sumus.
1358 1548 1427 1609 Si
1454 1550 1540 1609 ita
1564 1556 1676 1621 est,
1705 1547 1849 1609 nihil
1875 1558 2048 1630 opta-

152 1650 256 1707 tius
278 1668 403 1709 eme
432 1648 543 1709 tibi
570 1656 775 1728 queat,
800 1668 981 1728 quam
1006 1657 1073 1708 ut
1096 1648 1221 1709 sine
1255 1655 1489 1707 tuorum
1522 1645 1788 1727 periculo
1813 1656 2048 1726 gentem

154 1756 397 1807 nostram
422 1746 685 1806 sedendo
711 1744 1010 1807 debelles:
1055 1744 1235 1826 idque
1264 1744 1611 1825 assequeris,
1655 1763 1790 1805 cum
1828 1763 1934 1825 per
1957 1744 2048 1803 in-

152 1841 365 1913 ducias,
392 1862 589 1923 neque
616 1862 725 1907 ,vos
747 1840 1051 1915 laedemus,
1078 1850 1141 1902 et
1184 1841 1439 1921 receptis
1475 1840 1631 1914 intra
1659 1840 1876 1901 moenia
1901 1860 2052 1919 quos

154 1938 579 2020 expuleramus,
605 1941 785 2001 etiam
811 1938 945 2021 plus
968 1939 1141 2001 solito
1166 1937 1543 2011 cibariorum,
1583 1956 1692 2019 per
1715 1936 1850 1999 festi
1872 1937 2052 2017 hujus

157 2035 439 2107 laetitiam,
472 2038 865 2097 absumemus.

222 2140 318 2193 43.
362 2143 382 2171 ‘
408 2134 723 2195 Praeterea
743 2132 1027 2216 quicquid
1053 2134 1167 2193 hoc
1204 2134 1317 2193 erit
1350 2131 1754 2203 humanitatis,
1780 2150 1898 2191 non
1924 2138 2050 2190 tam

158 2230 363 2311 populo
389 2230 433 2290 J
434 2230 670 2303 udaioo
698 2250 877 2310 quam
903 2227 1283 2309 religionibus
1306 2228 1478 2290 dabis
1500 2238 1626 2289 tam
1653 2226 1934 2307 antiquis,
1961 2233 2050 2298 ut,

154 2324 499 2387 doctissimis
521 2328 663 2387 viris
702 2326 1259 2397 demonstrantibus,
1300 2324 1603 2405 legislator
1644 2332 1838 2384 noster
1862 2322 2050 2382 omni-
2109 2328 2240 2381 Sed.
2260 2330 2324 2379 sd

156 2423 255 2481 bns
278 2422 630 2484 Graecorum
668 2422 809 2483 Diis
841 2422 919 2483 sit
952 2422 1267 2502 antiquior.
1350 2422 1514 2501 Ergo
1538 2421 1804 2482 maxima
1823 2438 2052 2501 semper
2075 2394 2256 2447 Emb·

158 2518 309 2599 apud
332 2519 699 2599 alienigenos
724 2539 962 2600 quoque
987 2538 1154 2597 reges
1182 2537 1481 2579 sacrorum
1518 2524 1846 2578 nostrorum
1868 2535 2050 2577 vene-

156 2618 295 2676 ratio
320 2616 461 2677 fuit.
502 2660 512 2667 ·
546 2616 743 2699 Cyrus
766 2616 993 2697 imperii
1034 2615 1355 2693 Persarum
1396 2622 1624 2685 auctor,
1651 2614 1948 2675 incensam
1971 2612 2052 2674 ab

158 2709 415 2794 Assyriis
440 2714 645 2775 urbem
670 2722 929 2775 nostram
956 2732 1091 2773 cum
1118 2710 1340 2793 templo
1355 2711 1535 2791 jussit
1552 2710 1863 2771 instaurari
1888 2730 1904 2770 ε
1942 2730 2052 2771 va-

156 2828 327 2889 saque
348 2830 547 2882 sacra,
574 2830 711 2891 quae
728 2810 873 2870 olim
902 2809 1041 2870 inde
1066 2808 1273 2869 ablata
1296 2806 1551 2879 fuerunt,
1576 2827 1714 2868 cum
1742 2807 1876 2868 aliis
1899 2806 2052 2867 mul-

160 2907 229 2965 tis
251 2906 774 2987 pulcherrimisque
796 2906 968 2966 donis
1006 2903 1284 2965 reddidit.
1372 2903 1545 2965 Darii
1584 2904 1802 2965 deinde
1827 2902 2052 2965 benefi·
2090 2982 2102 2993 ἱ

158 3004 263 3073 cio,
290 3006 393 3084 qui
422 3014 555 3085 post
592 3003 931 3085 Cambysen
974 3003 1263 3083 regnavit,
1306 3001 1580 3062 absoluta
1623 3001 1830 3084 templi
1865 3011 2052 3067 stu-uc-

160 3110 277 3161 tura
299 3110 421 3162 est:
466 3100 626 3182 quod
664 3100 881 3161 deinde
921 3100 1181 3179 Magnus
1210 3097 1565 3159 Alexander
1602 3098 2051 3181 AEgyptiorum-

161 3220 263 3279 que
284 3218 475 3279 reges,
504 3208 571 3259 ut
603 3199 853 3309 quisque
884 3198 1169 3259 virtutum
1192 3196 1452 3257 omnium
1480 3184 1658 3256 laude
1683 3198 2054 3277 praestantior

161 3304 259 3367 m,
284 3298 369 3357 ita
396 3296 748 3377 impensiore
773 3296 995 3378 pietate
1015 3295 1341 3355 coluerunt.

231 3400 326 3475 44.
369 3393 677 3454 ‘Tuorum
712 3414 951 3475 quoque
974 3393 1033 3453 in
1070 3392 1279 3454 eodem
1304 3391 1555 3453 delubro
1580 3390 1830 3453 donaria
1851 3392 2052 3451 visun-

162 3498 279 3550 tur.
320 3510 459 3573 quae
482 3491 605 3551 duo
632 3490 950 3562 Demetrii,
966 3499 1135 3573 pater
1156 3491 1431 3572 primum,
1458 3488 1677 3550 deinde
1697 3488 1876 3550 frater
1897 3498 2051 3559 tuus,

163 3585 389 3647 diversis
408 3587 772 3669 temporibus
794 3587 1152 3649 obtulerunt.
1236 3585 1511 3648 Proavus
1536 3595 1736 3645 autem
1761 3594 1898 3646 tuus
1918 3584 2054 3645 An-

162 3683 379 3744 tiochus
412 3682 697 3763 Magnus,
724 3684 961 3745 eximiis
996 3683 1317 3744 honoribus
1350 3690 1529 3761 atque
1555 3681 1880 3762 privilegiis
1904 3690 2053 3743 tem-

166 3778 311 3859 plum
346 3800 431 3841 ea
462 3781 683 3862 pietate
716 3779 929 3851 coluit,
954 3789 1024 3840 ut
1052 3800 1091 3839 a
1126 3779 1337 3841 nostris
1361 3778 1726 3860 principibus
1749 3779 2052 3859 expectari

166 3879 377 3957 majora
400 3877 507 3938 vix
534 3877 879 3959 potuissent.
942 3874 1111 3945 Quid
1124 3877 1259 3956 jam
1284 3874 1362 3937 de
1385 3884 1447 3935 te
1473 3874 1823 3955 loquemur?
1863 3894 2052 3955 neque

165 3974 306 4033 enim
344 3974 477 4034 haec
516 3974 934 4055 circumposita
964 3974 1251 4034 moeuibus
1284 3974 1494 4033 nostris
1517 3979 1735 4041 castra,
1759 3968 2050 4031 fremitus-

168 4088 271 4149 que
308 4078 399 4131 tot
436 4068 686 4131 millium
718 4080 783 4131 et
818 4070 1187 4133 admotarum
1220 4068 1624 4128 machinarum
1654 4076 1858 4136 terror,
1894 4066 2054 4127 illius

170 4167 431 4249 temporis
452 4167 623 4229 nobis
640 4169 907 4229 excutiet
928 4166 1291 4237 memoriam,
1309 4184 1431 4245 quo
1452 4172 1664 4226 contra
1683 4182 2052 4223 communem

168 4262 377 4324 bostem
403 4264 631 4325 auxilia
658 4274 885 4347 promte
906 4262 1176 4334 ferentes,
1190 4262 1335 4323 socii
1360 4261 1655 4341 amicique
1674 4260 2050 4321 vocabamur.

170 4356 251 4419 Tu
270 4380 430 4433 vero,
455 4361 578 4422 sive
605 4360 829 4443 pristini
858 4346 1087 4421 foederis
1111 4358 1271 4441 apud
1292 4368 1351 4421 te
1372 4356 1697 4419 recordatio
1721 4356 1902 4431 valet,
1925 4358 2050 4421 sive
