3225 5242
840 501 1049 591 msa!
1102 541 1203 589 u.
1247 541 1900 594 surranum-trun.
2307 523 2484 594 8971

242 702 433 764 qnam
450 683 737 764 principis
752 683 813 742 in
828 703 903 743 ea
918 682 1184 755 civitate,
1200 687 1377 765 cuju
1388 681 1549 744 mala
1560 682 2046 766 calamitatesque
2059 683 2158 746 vel

248 799 601 840 munerare
625 774 981 841 laboriosum'
1004 789 1175 841 emet.

330 882 439 940 2⁷.
484 876 605 936 Ille
638 885 861 949 tamen,
888 875 1105 938 auditis
1136 895 1275 958 quae
1310 877 1393 937 ab
1426 875 1714 938 Romano
1737 864 1980 939 consule
2017 875 2158 938 Gu-

246 971 411 1032 luma
434 971 751 1046 referebat,
776 993 1053 1054 peremso
1075 971 1397 1034 identidem
1414 971 1661 1044 femore,
1683 981 1702 1008 ⁴
1727 970 1834 1032 Ne
1857 973 2044 1044 vero?
2061 974 2156 1034 iu-

246 1068 406 1148 quit,
432 1079 451 1106 ⁸
476 1077 708 1130 unum
731 1071 848 1131 hoc
864 1069 1095 1130 facinus
1116 1069 1225 1130 Dii
1238 1078 1301 1130 et
1322 1068 1559 1130 fortuna
1581 1069 1772 1141 sirint,
1787 1077 1858 1129 ut
1883 1068 2012 1130 ulla
2027 1069 2159 1131 dies

246 1164 431 1225 simul
454 1165 689 1226 salvum
716 1165 1189 1238 Hasdrubalem,
1219 1175 1284 1227 et
1314 1182 1581 1228 eversam
1616 1164 2040 1244 Carthaginem
2063 1165 2156 1228 vi-

248 1259 395 1323 deat
416 1261 435 1320 Ι
460 1263 479 1290 ’
523 1260 798 1342 Adjeeit,
822 1273 843 1300 ⁶
862 1283 1154 1343 nusquam
1182 1263 1485 1324 honestius
1518 1281 1866 1342 magnorum
1897 1262 2160 1324 virorum

252 1357 451 1430 busta,
488 1379 671 1439 quam
711 1361 773 1419 in
813 1361 1021 1441 pattiae
1060 1358 1142 1421 ad
1188 1367 1521 1420 extremum
1558 1358 1818 1421 defensae
1857 1357 2154 1429 incendio,

252 1453 595 1514 collucere?
655 1454 825 1516 Talis
848 1475 923 1516 ea
945 1463 1297 1538 tempestate
1316 1455 1642 1518 Poenorum
1667 1457 1984 1538 imperator
2004 1453 2156 1515 fuit:

252 1553 425 1630 cujus
448 1551 503 1611 si
528 1551 851 1613 orationem
868 1561 1119 1634 spectes,
1144 1552 1357 1613 merito
1376 1553 1612 1634 spiritus
1634 1551 1885 1612 hominis
1907 1559 1971 1612 et
1991 1571 2158 1630 mag-

254 1645 469 1706 nificas
502 1647 661 1708 illius
684 1667 861 1710 voees
900 1647 1241 1716 admirer-ist
1283 1649 1562 1730 operibus
1583 1646 1800 1708 deiude
1823 1647 2158 1710 considera-

252 1742 349 1814 tis,
373 1745 828 1805 convenientem
850 1746 1219 1830 sermonibus
1246 1746 1373 1804 istis
1394 1745 1589 1806 virum
1623 1745 1904 1824 requiras.
1989 1741 2162 1806 Nan

250 1839 403 1900 inter
420 1839 685 1920 publicat
708 1841 885 1902 famis
902 1842 1211 1902 horribilia
1232 1842 1416 1913 mala,
1438 1842 1563 1922 ipse
1582 1840 1870 1902 funestius
1889 1841 2164 1902 omnibus

250 1937 687 2016 spectaculum,
708 1938 987 1999 convivia
1008 1939 1261 2018 agitans,
1284 1946 1351 2000 et
1381 1937 1672 1998 secundas
1709 1957 1941 1998 mensas
1971 1938 2161 1998 ambi·-

252 2033 403 2092 tiose
428 2033 740 2105 instruens,
764 2034 1055 2094 obesitate
1078 2053 1189 2094 sua
1224 2034 1475 2096 maciem
1514 2033 1896 2115 inopiamque
1919 2033 2160 2094 misero-

252 2149 381 2188 rum
404 2129 782 2191 traducebat.
865 2129 1091 2211 Neque
1116 2130 1461 2210 transfugiis
1480 2151 1742 2201 suonam,
1771 2149 1964 2210 neque
2003 2148 2159 2190 mor-

250 2225 415 2284 tibus
437 2227 803 2298 mutabatur,
826 2247 963 2287 cum
986 2236 1239 2309 utroque
1264 2226 1441 2289 modo
1458 2245 1738 2307 magnum
1756 2225 2022 2307 quotidie
2047 2247 2160 2288 nu-

252 2341 483 2382 merum
508 2325 838 2384 amitteret:
882 2333 1049 2385 tanta
1072 2325 1209 2402 jam
1250 2325 1314 2386 vi
1354 2323 1738 2396 necessitatis,
1761 2331 1828 2384 ut
1849 2323 2030 2383 etiam
2054 2341 2158 2383 ca-

250 2417 483 2480 davera
514 2419 761 2502 quidam
793 2422 857 2480 in
890 2421 1089 2482 cibum
1116 2427 1547 2482 converterent.
1629 2418 1726 2481 At
1763 2418 1867 2480 ille
1893 2416 2163 2499 querelas
2183 2440 2353 2491 Zona.

252 2513 509 2576 aliorum
524 2516 717 2588 urim,
742 2517 993 2578 aliorum
1016 2516 1387 2578 contumeliis
1412 2525 1516 2577 aut
1538 2536 1686 2578 nece
1707 2525 2070 2598 prosecutus,
2097 2516 2160 2576 in
2183 2539 2358 2605 Polyb.

254 2611 586 2672 miserrima
618 2614 859 2674 civitate
886 2611 1211 2696 potentiam
1236 2615 1309 2674 iis
1340 2613 1569 2674 artibus
1600 2612 1918 2684 retinebat,
1945 2611 2162 2693 quibus

256 2708 359 2767 vix
413 2711 733 2789 quisquam
771 2718 1153 2790 tyrannorum
1194 2705 1255 2770 iu*
1297 2709 1640 2771 beatissima
1676 2717 1954 2772 uteretur.
2037 2707 2161 2788 Sed

196 2857 201 2863 .
256 2803 481 2864 talibus
506 2806 780 2866 nimirum
804 2827 955 2888 opus
970 2815 1082 2878 est,
1107 2825 1247 2868 cum
1266 2805 1517 2889 populos
1531 2805 1636 2867 din
1655 2805 1860 2867 felices
1882 2805 1962 2866 ad
1983 2807 2164 2878 ἰαίνει-τ

256 2899 405 2964 itum
430 2911 615 2964 vocat
637 2903 897 2964 humana
919 2905 1121 2964 omnia
1142 2912 1344 2964 rotans
1361 2891 1555 2964 rerum
1574 2900 1948 2964 instabilitas.

333 3003 441 3058 28.
486 2998 709 3081 Itaque
734 3019 808 3059 ne
835 2999 1069 3060 Graecis
1090 2999 1331 3080 quidem
1366 3001 1534 3078 (nam
1558 3009 1622 3060 et
1643 2998 1854 3060 horum
1879 3005 2164 3068 matures·

254 3094 437 3154 eebat
458 3095 739 3175 exitium)
780 3096 1051 3158 meliores
1092 3105 1202 3158 aut
1234 3097 1626 3177 sapientiores
1655 3095 1866 3156 eodem
1901 3103 2166 3175 tempore

254 3191 555 3272 principes
577 3192 765 3254 fuere.
848 3191 1019 3254 Nam
1044 3201 1105 3253 et
1142 3193 1223 3252 ab
1262 3194 1357 3252 his
1396 3191 1622 3252 bellum
1666 3191 2008 3253 Achaicum
2050 3191 2166 3251 hoc

254 3306 415 3350 auno
440 3307 755 3349 accensum
778 3299 891 3362 est,
918 3309 1039 3370 quo
1052 3289 1233 3350 totius
1250 3287 1509 3350 Groeciae
1531 3287 1778 3350 libertas
1796 3286 2167 3367 deflagravit.
2275 3345 2286 3354 ,
2331 3309 2338 3316 ·

194 3459 205 3465 ,
258 3383 495 3444 Causae·
520 3383 681 3444 iuius
722 3387 801 3446 ab
850 3387 1083 3466 injuriis
1114 3394 1179 3446 et
1216 3385 1470 3449 avaritia
1502 3385 1958 3448 Atheniensium
1993 3391 2164 3455 ortoe.

255 3501 412 3560 quas
434 3480 655 3544 deinde
676 3481 988 3544 civitatum
1024 3481 1277 3542 aliarum
1300 3481 1483 3543 variis
1508 3483 1860 3561 ambagibus
1881 3479 2168 3562 implicui

254 3577 561 3658 principes
582 3579 807 3658 majore
830 3577 1111 3640 vecordia
1128 3588 1496 3660 exceperunt
1517 3586 1947 3659 auxeruntque.
2009 3576 2166 3637 Oro·
2242 3605 2385 3670 Supr.

257 3673 395 3754 piis,
420 3683 493 3736 ut
512 3693 695 3754 supra
715 3675 998 3746 diximus,
1024 3673 1247 3748 mulcta
1282 3674 1634 3746 debebatur,
1661 3693 1840 3755 quam
1866 3675 1946 3735 ab
1971 3671 2169 3734 Athe·
2195 3686 2367 3720 11³ss-
2387 3671 2471 3719 2⁴·

256 3770 563 3832 aiensibus
584 3771 927 3832 Achaicum
950 3772 1269 3833 concilium
1314 3791 1395 3832 ex
1434 3770 1720 3834 mandato
1759 3779 1996 3832 senatus
2035 3769 2167 3830 Ro-

256 3867 421 3930 mani
444 3867 713 3929 debebat
730 3869 989 3947 exigere.
1070 3868 1168 3929 At
1210 3868 1471 3950 Oropios
1504 3867 1890 3929 Atheniensis
1911 3864 2168 3946 populus
2218 3897 2430 3947 Pau-an.

258 3967 443 4026 otiam
470 3965 743 4046 pluribus
782 3966 1011 4044 injuriis
1052 3965 1319 4037 affectos,
1366 3964 1732 4027 Aehaeorum
1756 3964 2072 4044 implorare
2095 3960 2167 4022 fi·-
2193 3962 2394 4014 Achaie.

263 4063 401 4124 dem
428 4063 648 4142 coegit.
733 4063 861 4130 Qui
892 4063 997 4124 ubi
1033 4063 1297 4124 amicitia
1328 4070 1393 4124 et
1423 4062 1755 4126 reverentia
1790 4059 2171 4121 nobilissimae

264 4163 525 4222 civitatis
564 4161 983 4232 contabantur,
1032 4158 1439 4221 Menalcidam
1486 4157 2029 4227 Lacedaemonium,
2071 4155 2174 4236 qui

267 4269 393 4319 tum
417 4267 635 4340 praetor
660 4255 1023 4318 Achaeorum
1062 4266 1212 4330 erat,
1253 4257 1536 4338 promisso
1560 4255 1771 4316 decem
1794 4253 2173 4324 talentorum,

270 4356 325 4413 in
346 4355 701 4416 sententiam
724 4373 891 4414 suam
918 4353 1243 4417 adducunt.
1326 4352 1447 4414 Ille
1480 4340 1707 4414 socium
1731 4370 1926 4434 operte
1951 4367 2172 4410 merce—
