3225 5242
1644 526 1715 576 Τ.
1765 527 1959 579 mvn

1013 666 1222 745 viginti
1239 686 1397 727 caesa
1420 688 1435 727 ι
1479 667 1911 750 debellarique,
1932 670 1981 729 si
2003 668 2309 730 institisset
2330 668 2660 740 Romanus,
2686 670 2885 751 potuit
2902 690 2919 739 3

1015 764 1168 826 adeo
1193 765 1568 846 superstitum
1589 767 1771 827 animi
1792 766 2171 827 ceciderant:
2198 765 2499 847 vulgoque
2524 767 2926 837 audiebantur

1015 881 1194 921 voces
1212 882 1474 943 praeceps
1487 871 1548 923 et
1559 863 1808 924 invisum
1832 863 1969 924 Diis
1980 863 2289 951 consilium
2305 863 2711 924 damnantium
2732 886 2749 933 3
2782 875 2799 901 ‘
2816 886 2925 925 ne-

1016 979 1134 1038 que
1170 958 1336 1019 aliud
1373 959 1606 1033 melius,
1635 980 1816 1041 quam
1840 970 1908 1021 ut
1930 960 2008 1021 ad
2034 959 2303 1021 dominos
2326 963 2565 1031 reversi,
2590 962 2927 1021 misericor-

1015 1054 1180 1115 diam
1205 1056 1404 1137 potius
1437 1056 1700 1130 illorum,
1727 1077 1911 1138 quam
1948 1068 2169 1119 certam
2196 1058 2362 1119 bello
2391 1060 2711 1147 perniciem
2734 1078 2927 1139 expe·

983 1142 1309 1215 *rirenturss

1096 1256 1198 1311 59.
1243 1248 1531 1310 Lucullus
1563 1248 1854 1309 trahendo
1886 1257 2139 1332 tempus,
2175 1251 2573 1310 consternatis
2596 1249 2674 1310 ad
2700 1272 2763 1311 se
2785 1250 2925 1311 red-

1017 1346 1198 1407 eundi
1233 1348 1470 1428 copiam
1499 1346 1678 1407 fecit:
1720 1345 2034 1427 denuoque
2074 1346 2377 1407 decretum
2418 1356 2531 1417 est,
2576 1347 2767 1407 ‘nihil
2806 1367 2928 1409 non

1020 1446 1182 1527 prius
1211 1442 1580 1515 tentandum,
1618 1463 1797 1525 quam
1838 1453 1908 1505 ut
1944 1464 2007 1504 se
2034 1444 2238 1505 invisis
2274 1444 2629 1523 infensisque
2662 1444 2743 1504 ad
2768 1444 2929 1505 ludi-

1018 1542 1212 1601 brium
1237 1551 1300 1602 et
1324 1544 1626 1603 cruciatus
1648 1541 1979 1602 dederent.'
2062 1540 2255 1602 Nona
2276 1541 2517 1601 demum
2542 1542 2643 1601 die
2666 1541 2933 1602 adducta

1019 1637 1099 1700 ad
1127 1658 1342 1699 novam
1378 1640 1584 1699 urbem
1609 1639 1798 1717 signa,
1828 1647 1961 1720 post
1986 1656 2262 1717 magnum
2288 1647 2353 1699 et
2374 1639 2609 1698 inanem
2638 1639 2928 1711 laborem,

888 1748 894 1753 ’
1021 1734 1226 1796 multis
1250 1744 1315 1797 et
1337 1735 1592 1795 hostium
1618 1736 1848 1806 occisiS,
1876 1744 1939 1794 et
1964 1755 2201 1795 suorum
2240 1734 2587 1816 deperditiS,
2628 1734 2707 1795 ad
2732 1744 2931 1795 extre-

1023 1850 1186 1891 mum
1233 1832 1398 1892 irrita
1448 1840 1514 1891 et
1561 1831 1957 1913 infrequentia
2008 1829 2415 1892 discesserunt.
2524 1830 2628 1891 Ita
2673 1831 2939 1892 defensis

951 1873 1318 1989 ‘Triocalis
1336 1928 1420 1989 ad
1446 1928 1752 2011 pristinam
1778 1928 2060 1989 fiduciam
2088 1928 2274 1989 erecti
2294 1937 2429 1988 sunt
2452 1930 2633 1989 animi
2652 1929 2933 2008 fugitivo-

1027 2045 1178 2097 rum,
1205 2025 1539 2107 multasque
1560 2026 1787 2087 Siciliae
1812 2024 2017 2087 clades
2036 2024 2379 2095 intulerunt,
2398 2026 2639 2112 sedente
2660 2036 2934 2107 proetore,

1030 2142 1134 2203 per
1179 2122 1622 2202 negligentiam,
1662 2126 1767 2183 aut
1810 2124 1975 2203 quia·
1994 2120 2199 2203 praeda
2243 2123 2561 2202 provinciae
2604 2122 2935 2183 ditescendi

963 2220 1188 2301 ·prior
1210 2240 1356 2281 cura
1383 2230 1530 2281 erat.
1615 2220 2108 2301 Repetundarum
2134 2228 2318 2290 certe,
2346 2222 2739 2302 nequicquam
2763 2242 2933 2283 recu-

1031 2326 1162 2377 sato
1186 2327 1394 2379 contra
1417 2318 1578 2397 leges
1591 2316 1849 2397 judicio,
1876 2319 1953 2377 ab
1972 2336 2193 2397 augure
2215 2315 2473 2379 Servilio
2492 2318 2805 2381 damnatus
2823 2330 2937 2381 est.

989 2444 1006 2461 ·
1033 2411 1216 2473 Unde
1241 2426 1450 2495 postea
1479 2415 1659 2475 nullae
1697 2415 1996 2494 graviores
2029 2414 2089 2475 in
2122 2416 2288 2487 urbe,
2329 2433 2511 2495 quam
2548 2413 2937 2478 Serviliorum

1029 2517 1212 2591 atque
1244 2511 1629 2573 Lucullorum
1670 2511 2020 2583 inimicitiae,
2057 2511 2301 2591 longum
2337 2512 2416 2572 ad
2456 2523 2687 2595 tempus
2718 2516 2937 2575 extite-

1030 2617 1186 2669 runt.
1269 2608 1393 2669 Sed
1417 2606 1548 2670 habe
1575 2610 1885 2690 aliquanto
1912 2618 2046 2691 post
2072 2609 2435 2671 acciderunt.

1111 2710 1214 2764 60.
1257 2703 1336 2765 In
1369 2704 1677 2787 Hispania
1710 2725 1807 2765 res
1836 2706 2079 2766 incertoe
2112 2708 2191 2767 ab
2224 2706 2455 2787 aliquot
2485 2708 2652 2767 annis
2676 2707 2936 2779 fixerant,

1031 2801 1256 2862 crebris
1285 2802 1491 2884 utique
1526 2801 1876 2876 latrociniis,
1909 2801 2209 2863 interdum
2233 2813 2299 2864 et
2326 2803 2522 2866 bellis.
2584 2804 2938 2865 ·Occursum

1033 2907 1234 2959 tamen
1259 2920 1298 2960 a
1322 2883 1619 2961 Romanis
1641 2900 1829 2982 copiis
1850 2909 1961 2971 est,
1988 2899 2178 2962 donec
2196 2901 2601 2962 crebrescente
2631 2901 2938 2963 Cimbrico

948 3038 959 3044 -
1033 3002 1276 3068 terrore,
1318 2995 1532 3058 Sicilia
1582 3016 1821 3077 quoque
1861 2996 2173 3056 servilibus
2216 2998 2393 3057 armis
2444 2998 2656 3057 iterum
2700 2998 2937 3071 infesta,

738 3279 874 3332 Plut.

708 3345 840 3395 Mar.
861 3360 910 3395 c.
931 3348 1016 3395 lo.

677 3462 682 3469 ,
713 3410 822 3461 Liv.
845 3408 982 3475 Epit.

1037 3090 1371 3173 Hispanias
1395 3091 1735 3153 domesticis
1760 3092 2045 3173 prmidiis
2075 3093 2337 3175 permitti
2362 3095 2639 3173 oportuit.
2701 3094 2941 3155 Praeto-

1035 3207 1129 3248 res
1151 3196 1349 3249 tamen
1369 3210 1466 3259 eo,
1492 3190 1596 3249 sed
1624 3189 1749 3249 sine
1775 3190 2065 3259 exercitu,
2086 3190 2494 3252 mittebantur.

1117 3290 1222 3344 61.
1266 3283 1508 3345 Interea
1539 3284 1771 3345 Cimbri
1804 3294 1941 3395 post
1973 3284 2271 3346 Manlium
2295 3294 2360 3345 et
2387 3285 2733 3367 Caepionem
2758 3287 2938 3359 fusos,

1037 3398 1175 3440 cum
1217 3401 1377 3441 more
1412 3381 1678 3441 fulminis
1720 3382 1919 3441 omnia
1962 3391 2422 3462 perrumperent,
2459 3382 2745 3463 quicquid
2792 3385 2945 3444 inter

1041 3474 1407 3538 Rhodanum
1431 3486 1496 3537 et
1524 3477 1893 3559 Pyrenaeum
1923 3486 2014 3537 est
2040 3478 2410 3559 depopulati,
2436 3498 2543 3560 per
2567 3478 2784 3540 saltum
2810 3480 2941 3560 Py-

1039 3592 1297 3633 renaeum
1357 3573 1844 3635 transcenderunt
1894 3574 1953 3634 in
1998 3572 2403 3655 Hispaniam:
2464 3584 2548 3647 et,
2582 3595 2719 3636 cum
2757 3576 2949 3637 ubivis

999 3708 1014 3726 .
1039 3668 1431 3730 vastationem
1477 3669 1765 3743 facerent,
1811 3689 1850 3730 a
1897 3668 2220 3731 Celtiberis
2250 3670 2384 3732 ¹fusi
2436 3668 2743 3752 fug-atique
2788 3682 2957 3733 sunt.·

1043 3764 1198 3824 Eam
1245 3785 1370 3825 rem
1421 3768 1773 3848 imperatore
1821 3765 2039 3827 Fulvio
2084 3775 2335 3847 praetore
2386 3766 2671 3828 Romano
2719 3778 2947 3847 goetsm

1040 3860 1416 3922 credentibus
1454 3872 1534 3923 ut·
1558 3862 1845 3924 accedam
1882 3861 2131 3922 inclinat
2173 3863 2429 3935 animus,
2464 3864 2611 3943 quia
2644 3864 2835 3925 victos
2868 3866 2949 3924 ab

1043 3957 1158 4019 hoc
1191 3957 1488 4033 Cimbros,
1522 3982 1715 4042 neque
1752 3960 1934 4021 aliam
1966 3960 2024 4020 ei
2066 3960 2457 4040 provinciam,
2490 3980 2673 4041 quam
2715 3960 2949 4042 Hispa-

1044 4054 1205 4113 niam
1231 4059 1483 4136 reperio,
1509 4078 1645 4119 cum
1676 4056 1922 4118 Italiam
1950 4056 2338 4138 Galliamque
2364 4078 2469 4138 per
2492 4076 2817 4139 omneseos
2842 4077 2949 4116 an—

1045 4170 1154 4209 nos
1177 4154 1449 4214 consules
1473 4156 1825 4215 obtinerent.
1911 4152 2097 4212 Adde
2126 4154 2287 4234 quod
2321 4163 2383 4214 et
2407 4174 2498 4215 res
2524 4144 2613 4214 ita
2636 4163 2802 4233 gesta
2826 4163 2947 4213 tra·

1047 4245 1225 4320 ditur,
1255 4259 1324 4310 ut
1350 4251 1511 4312 haud
1543 4252 1791 4311 multum
1823 4250 2145 4311 imminutis
2169 4251 2383 4332 copiis,
2409 4252 2719 4312 consilium
2752 4259 2949 4311 tamen

1048 4344 1449 4427 relinquendae
1477 4348 1799 4431 Hispaniae
1822 4348 2058 4431 placere
2080 4348 2342 4409 Cimbris
2360 4349 2643 4431 potuerit.
2696 4348 2954 4410 conatis
