3225 5242
688 617 693 622 ,
786 541 965 608 4100
1743 563 1814 614 01⁸.
1863 561 2054 613 uvir
2186 549 2204 570 ⁸

818 694 1049 750 Maehnb.
1114 717 1299 761 maeus
1332 703 1682 774 vocabatur,
1729 703 1944 765 Abubi
1994 703 2178 783 filius)
2223 705 2556 780 interemto,
2593 723 2760 786 spem
2809 713 3027 766 nactus

785 764 997 891 ῗοέξρὴ,
1114 797 1529 878 perdomandae
1555 801 1747 880 gentis·
1763 802 2480 874 contumacissimae,.cum
2504 801 2728 882 ingenti
2753 801 3022 863 exercitu

1114 893 1175 954 in
1200 893 1475 956 Judaeam
1500 900 1683 958 venit.

1194 997 1294 1054 39.
1336 992 1599 1055 Joannes
1635 994 1872 1056 Simone
1913 997 2163 1076 genitus,
2195 1015 2332 1056 cum
2373 1003 2683 1078 paternum
2719 996 3024 1078 principa·-

1112 1094 1239 1147 tum
1276 1085 1646 1172 suscepisset,
1679 1093 1740 1150 in
1776 1093 1980 1151 urbem
2019 1092 2449 1174 Hierosolyma
2483 1113 2546 1154 se
2581 1093 2841 1165 inclusit,
2869 1112 3026 1174 prae-

1112 1187 1367 1266 potentis
1390 1189 1575 1248 hostis
1598 1189 1770 1260 viros,
1797 1209 1931 1250 cum
1957 1191 2132 1249 armis
2157 1191 2370 1250 morari
2396 1211 2514 1251 non
2544 1199 2760 1271 posset,
2777 1191 3022 1269 objectu

1110 1284 1601 1344 munimentorum
1628 1287 1874 1366 cupiens
1892 1285 2150 1346 eludere.
2202 1284 2543 1346 Antiochus
2566 1295 2792 1367 septem
2815 1287 3029 1346 castris

1109 1379 1331 1438 circum
1356 1381 1560 1440 urbem
1586 1375 1814 1462 positis,
1837 1393 2035 1441 tamen
2063 1391 2303 1463 propter
2329 1381 2670 1442 firmitatem
2697 1400 3022 1452 murorum,

1110 1484 1173 1535 et
1210 1486 1707 1558 propugnatorum
1745 1479 2022 1540 virtutem
2053 1499 2258 1559 parum
2295 1477 2665 1560 proficiebat.
2749 1478 2858 1538 Ad
2891 1481 3024 1540 haec

1112 1591 1397 1652 aquarum
1449 1577 1694 1655 penuria
1743 1575 2142 1635 laborabatur.
2247 1575 2528 1636 Ceterum
2579 1576 2690 1635 sub
2741 1594 3020 1635 occasum

1114 1669 1437 1730 Pleiadum
1462 1673 1736 1753 copiosus
1759 1674 1945 1732 imber
1979 1681 2212 1733 arentes
2239 1673 2536 1734 exercitus
2561 1671 2764 1733 fauces
2789 1671 3021 1735 refecit.

1121 1765 1341 1846 Itaque
1383 1768 1605 1829 meliori
1635 1772 1768 1850 jam
1794 1791 1898 1851 spe
1923 1769 2128 1841 fretus,
2155 1789 2194 1830 a
2217 1770 2444 1831 boreali
2471 1777 2636 1851 parte
2665 1769 2828 1830 urbis
2852 1772 3021 1846 (narn

1111 1883 1186 1923 ea
1225 1862 1455 1925 facilior
1500 1886 1770 1926 accessus
1803 1871 1954 1941 erat)
1993 1868 2146 1927 actis
2181 1867 2480 1948 operibus,
2501 1876 2705 1927 ‘turres
2735 1865 3021 1948 plurimas

1110 1968 1404 2021 ternorum
1420 1962 1818 2023 tabulatorum
1839 1964 2158 2034 exstruxit,
2175 1962 2559 2044 implevitque
2577 1959 2884 2034 militibus,
2909 1965 3016 2044 qui

1106 2055 1446 2118 defensores
1484 2059 1644 2119 urbis
1686 2069 1950 2121 arcerent
1989 2058 2324 2130 missilibus,
2365 2078 2556 2140 neque
2596 2059 2915 2120 consistere
2957 2059 3019 2119 in

1110 2155 1567 2234 propugnaculis
1605 2164 1967 2236 paterentur.
2051 2155 2178 2227 Sic,
2211 2156 2360 2216 inter
2395 2154 2773 2235 quotidianas
2805 2155 3016 2216 velita-

1109 2251 1319 2322 tiones,
1356 2250 1581 2332 duplici
1618 2251 1777 2314 fossa
1815 2252 1978 2314 haud
2018 2253 2252 2331 exiguae
2295 2251 2624 2314 latitudinis
2663 2249 3016 2312 altitudinis—

1109 2366 1226 2426 que
1250 2347 1615 2409 circumdata
1639 2351 1780 2410 urbs
1803 2360 1912 2412 est.

1188 2450 1289 2504 40.
1338 2443 1559 2525 Neque
1588 2445 1724 2507 ideo
1749 2467 1884 2528 spes
1909 2459 2014 2510 aut
2032 2449 2260 2511 animus
2283 2451 2550 2512 obsessos
2565 2450 2846 2521 deserint,
2867 2451 3015 2532 quin

1106 2541 1325 2600 crebris
1357 2543 1758 2622 eruptionibus
1798 2545 1951 2606 hosti
1981 2568 2086 2628 pro
2123 2549 2345 2610 viribus
2379 2556 2692 2610 nocerent:
2733 2567 2942 2628 graves
2965 2550 3016 2608 si

816 2625 965 2675 Dzod.
1108 2636 1360 2698 incautis
1388 2638 1747 2709 incidissent,
1773 2649 1838 2701 et
1862 2643 2168 2704 adversum
2195 2654 2434 2726 paratos
2459 2644 2668 2724 insigni
2695 2644 2774 2704 ad
2809 2665 3015 2726 recep-

782 2705 989 2821 ῗξΐιι,
1106 2741 1234 2793 tum
1256 2732 1583 2794 celeritate.
1669 2733 1792 2796 Sed
1815 2739 2027 2806 saevior
2051 2743 2208 2802 omni
2236 2741 2396 2802 bello
2419 2741 2606 2801 fames
2619 2741 3011 2802 metuebatur.

1110 2827 1313 2896 Quam
1348 2839 1417 2890 ut
1446 2829 1768 2904 differrent,
1809 2835 1862 2894 si
1895 2835 2152 2915 effugere
2195 2839 2521 2919 nequirent,
2547 2837 2810 2898 Joannes
2835 2837 3015 2897 inuti-

1107 2924 1225 2986 lem
1250 2926 1411 2988 bello
1436 2927 1671 2988 turbam
1705 2932 1850 2990 urbe
1876 2932 2164 2995 excedere
2187 2935 2387 3014 jussit.
2472 2935 2573 2995 Ex
2613 2934 2844 2994 diverso
2874 2933 3015 2995 An·

1106 3022 1359 3095 tiochus,
1386 3024 1527 3102 (nec
1561 3027 1722 3086 enim
1753 3026 2006 3089 fallebat
2035 3051 2172 3092 eum
2206 3033 2520 3092 consilium
2549 3031 2782 3110 hostis‚)
2819 3049 3012 3111 neque
3091 3041 3095 3046 '

1107 3119 1429 3200 recipiebat
1456 3121 1757 3202 expulsos,
1791 3144 1982 3206 neque
2011 3127 2385 3188 trucidabat:
2421 3127 2526 3188 sed
2565 3147 2767 3188 versus
2805 3127 3014 3188 urbem

1108 3217 1379 3294 rejectos,
1404 3216 1699 3279 solicitare
1722 3221 1976 3301 cogebat
1999 3224 2458 3286 misericordiam
2483 3243 2716 3285 suorum
2741 3225 3016 3305 precibus
3095 3283 3112 3294 ,

1106 3321 1171 3372 et
1210 3313 1507 3395 lacrymis,
1549 3324 1611 3375 et
1649 3328 1941 3398 postremo
1981 3321 2247 3383 foeditate
2291 3324 2509 3395 exitus,
2553 3341 2689 3384 cum
2729 3330 2867 3385 ante
2907 3344 3015 3386 ora

1104 3408 1323 3469 civium
1366 3409 1749 3474 infelicissimi
1799 3417 2074 3478 mortales
2115 3419 2416 3482 crudelem
2445 3421 2522 3495 ·in
2565 3417 2808 3480 modum
2851 3419 3010 3482 fame

1104 3503 1606 3569 contabescerent.

1188 3607 1293 3662 41.
1336 3601 1612 3664 Instabat
1643 3603 2188 3674 Tabernaculorum
2233 3611 2469 3683 festum,
2500 3610 2662 3692 quod
2695 3610 2856 3693 apud
2897 3609 3011 3674 Ju-

1104 3697 1269 3758 daeos
1291 3700 1608 3779 quotannis
1645 3713 1922 3764 accurata
1950 3706 2232 3786 religione
2263 3709 2614 3769 celebratur.
2699 3707 2796 3768 Ea
2835 3707 3013 3788 fregit

1104 3795 1429 3856 animorum
1454 3794 1754 3869 duritiem,
1790 3820 1866 3859 ne
1903 3804 2091 3882 perire
2121 3805 2518 3866 communium
2552 3824 2849 3865 sacrorum
2873 3825 3010 3866 san-

1105 3891 1415 3972 guinisque
1448 3893 1767 3975 participes
1801 3906 2156 3977 paterentur.
2243 3901 2404 3980 Ergo
2429 3901 2679 3982 receptis
2711 3903 2772 3962 in
2805 3903 3010 3962 urbem

1104 3987 1478 4068 expulsorum
1513 3989 1798 4070 reliquiiS,
1835 4003 2092 4056 oratores
2123 3997 2200 4058 ad
2237 4018 2432 4076 regem
2466 3998 2729 4068 mittunt,
2755 4016 2892 4060 cum
2917 3998 3010 4059 his

1102 4084 1283 4144 ferme
1318 4085 1628 4148 mandatiS.
1713 4097 1732 4126 ‘
1763 4088 2006 4152 Numen
2047 4095 2207 4174 quod
2243 4094 2513 4163 colimuS,
2541 4111 2646 4153 rex
2681 4093 3007 4166 Antioche,

1101 4201 1236 4243 cum
1264 4182 1585 4261 majoribus
1626 4187 1833 4254 nostris
1860 4187 2039 4268 leges,
2079 4193 2292 4272 quibus
2323 4183 2519 4252 adhuc
2546 4191 2786 4262 utimur,
2813 4191 3006 4264 daret,

1102 4280 1215 4338 tria
1240 4281 1552 4359 quotannis
1576 4290 1842 4363 tempora
1865 4285 2018 4349 festa
2041 4291 2386 4350 celebritate
2409 4289 2814 4349 consecravit:
2857 4311 3006 4370 quo·

1100 4373 1229 4436 rum
1256 4375 1416 4456 quod
1450 4375 1989 4445 Tabernaculorum
2015 4386 2404 4468 appellamus,
2440 4406 2575 4446 cum
2611 4386 2867 4446 maxime
2894 4386 3006 4446 im-

1102 4473 1302 4534 minet.
1393 4473 1475 4534 Et
1515 4495 1622 4536 nos
1652 4465 1922 4557 quidem,
1969 4504 2400 4566 quamcumque
2444 4482 2736 4544 fortunam
2778 4483 3008 4546 dederit
