3225 5242
781 533 957 604 4036

805 1283 963 1334 strab.
990 1301 1031 1333 u

770 1361 823 1409 p.
850 1353 963 1398 165.

770 1411 990 1477 Appi-n.

763 1673 977 1753 Pugnan.

802 1739 951 1792 Diod.
974 1757 1055 1810 ap.

768 1802 937 1855 Vales-

1745 556 1818 604 Τ.
1864 553 2048 604 [alvu

1182 708 1245 763 4.
1294 699 1449 762 Inde
1468 697 1804 784 Pompeius
1825 697 1906 760 ad
1931 716 2180 781 parvum
2203 695 2490 779 oppidum
2511 695 2770 758 Maiiam
2797 699 3010 760 movit.

1106 795 1233 859 Sed
1282 797 1632 871 Malienses,
1669 796 1868 859 oec‘mo
1907 795 2186 878 presidio
2233 795 2760 868 Numantinorum,
2807 794 3008 856 locum

1106 895 1407 978 Pompeio
1427 894 1820 958 tradiderunt.
1905 892 2052 966 Ille,
2069 893 2247 954 armis
2269 891 2690 974 obsidibusque
2715 894 3006 975 acceptis,

1102 992 1165 1052 in
1188 992 1571 1054 Sedetaniam
1598 992 1882 1074 perrexit,
1901 999 1971 1052 ut
1985 1011 2120 1052 eam
2145 991 2446 1070 regionem
2467 990 2546 1050 ab
2569 990 3007 1051 incursionibus

1101 1087 1357 1168 Tang-ini
1379 1089 1718 1170 cujusdam,
1759 1087 2058 1150 latronum
2097 1085 2292 1158 ducis,
2335 1087 2637 1149 liberaret.
2715 1086 2820 1147 Ibi
2855 1085 3004 1147 felix

1101 1183 1411 1266 expeditio
1450 1185 1602 1245 fuit:
1637 1183 1813 1244 multi
1851 1183 2112 1245 latrones
2147 1183 2368 1254 oecisiz
2405 1182 2580 1244 multi
2616 1183 2803 1265 capti.
2881 1181 3002 1244 Sed

1036 1301 1078 1339 1.
1101 1289 1271 1343 tanta
1292 1281 1413 1343 fuit
1430 1283 1732 1344 hominum
1752 1280 1976 1353 feritas,
1998 1291 2065 1341 ut
2079 1282 2424 1342 servitutem
2449 1299 2622 1342 nemo
2645 1279 2863 1349 ferret:
2897 1279 3004 1340 aiii

1097 1380 1467 1462 semetipsos,
1494 1380 1713 1440 usitato
1736 1380 2012 1459 gentibus
2035 1378 2158 1439 illis
2179 1377 2462 1450 facinore,
2489 1378 2596 1439 alii
2619 1385 2875 1439 emtores
2895 1398 2999 1438 oc-

1096 1475 1396 1548 ciderent:
1438 1477 1684 1560 quidam
1717 1476 1861 1538 dum
1894 1471 2386 1558 mnsportantur,
2408 1476 2662 1538 navibus
2685 1475 3004 1557 perforatis

1094 1594 1277 1656 seque
1316 1584 1383 1636 et
1417 1585 1646 1639 eeteros
1679 1573 1973 1657 profundo
1995 1584 2345 1654 mergerent.
2414 1573 2510 1635 At
2534 1573 2868 1655 Pompeius
2902 1593 2996 1632 ur-

1092 1671 1255 1746 bem,
1293 1693 1474 1755 quam
1520 1673 1710 1734 Lanci
1753 1677 2019 1745 vocant?
2057 1671 2220 1734 haud
2261 1671 2470 1754 procul
2513 1670 2817 1741 Maliacis,
2859 1691 2996 1731 eum

1088 1769 1363 1832 obsidere
1386 1780 1543 1831 esset
1565 1789 1897 1850 aggressus,
1924 1768 2288 1830 Numantini
2313 1769 2530 1832 vicinis
2565 1769 2859 1830 auxilium
2889 1772 2996 1849 ju-

1086 1886 1269 1927 venes
1290 1869 1757 1950 quadringentos
1775 1875 1954 1928 noctu
1973 1867 2404 1928 summiserunt.
2454 1865 2598 1926 Hos
2619 1865 2713 1926 illi
2739 1867 2994 1947 primum

1085 1974 1411 2026 servatores
1430 1986 1569 2027 suos
1592 1963 1987 2047 appellantes,
2021 1963 2312 2045 donisque
2345 1971 2790 2045 prosequentes,
2833 1984 2992 2024 sum-

1084 2081 1185 2121 ma
1208 2061 1420 2124 laetitia
1440 2083 1755 2145 excepere.
1837 2062 2082 2123 Paucos
2123 2071 2257 2143 post
2279 2061 2408 2124 dies
2427 2069 2566 2122 'eum
2588 2061 2994 2122 vehementius

1082 2159 1327 2220 instaret
1350 2159 1557 2234 hostis,
1581 2160 1660 2221 de
1685 2162 1853 2222 exitu
1885 2160 1973 2221 rei
2013 2159 2286 2220 dubitare
2325 2169 2648 2241 coeperunt,
2681 2159 2992 2240 minisque

1082 2254 1295 2336 legatis
1318 2259 1523 2320 urbem
1545 2257 1849 2320 dedituros
1871 2257 2092 2330 dicere,
2117 2257 2458 2338 corporibus
2481 2257 2682 2318 salvis.

1157 2360 1220 2415 5.
1263 2353 1555 2435 Negabat
1598 2356 1802 2417 consul
1841 2355 2027 2416 ullam
2065 2353 2406 2426 deditionis,
2435 2354 2544 2414 nisi
2567 2353 2803 2418 naditis
2825 2355 2992 2436 prius

1076 2450 1486 2526 Numantinis,
1526 2454 1930 2516 conditionem
1968 2473 2114 2514 esse.
2199 2451 2386 2520 Quod
2427 2471 2566 2512 cum
2599 2452 2986 2512 inhumanum

1072 2547 1237 2610 factu
1278 2559 1343 2610 et
1382 2549 1603 2612 foedum
1645 2551 1724 2612 ad
1757 2551 1980 2613 famam
2013 2549 2334 2622 videretur,
2353 2550 2557 2611 omnia
2581 2551 2778 2632 potius
2795 2569 2984 2630 expe-

1072 2645 1194 2716 riri,
1216 2667 1397 2729 quam
1420 2648 1577 2710 bene
1610 2648 1690 2710 de
1727 2669 1790 2709 se
1823 2649 2060 2708 meritos
2084 2647 2163 2708 ad
2181 2649 2434 2710 exitium
2457 2647 2676 2708 dedere
2699 2647 2984 2708 deereve-

1066 2750 1225 2804 runt.
1277 2743 1433 2805 Mox
1458 2746 1561 2806 ubi
1587 2767 1724 2829 spes
1745 2747 1934 2808 omnis
1951 2746 2166 2807 salutis
2183 2745 2450 2826 quotidie
2469 2745 2656 2825 magis
2673 2745 2984 2824 magisque

1064 2837 1421 2915 decedebat,
1446 2843 1628 2925 inque
1671 2843 1862 2906 oeulis
1893 2855 2164 2906 extrema
2196 2843 2396 2905 omnia
2419 2853 2613 2914 erant,
2639 2843 2874 2922 legatos
2897 2841 2978 2901 ad

1064 2938 1369 3002 consulem
1408 2952 1638 3003 secreto
1661 2944 1927 3015 mittunt,
1953 2941 2204 3005 aliorum
2227 2942 2426 3023 potius
2445 2943 2641 3003 exitio
2663 2961 2844 3023 quam
2867 2963 2980 3002 suo

1061 3037 1362 3099 severitati
1388 3039 1549 3100 illius
1564 3040 1971 3102 satisfacturos
1992 3060 2119 3101 esse
2143 3041 2500 3100 nuntiantes.
2583 3039 2733 3100 Non
2759 3037 2979 3100 fefellit

1062 3131 1315 3210 perfidis,
1336 3136 1632 3198 sociorum
1651 3135 2096 3198 Numantinos:
2138 3137 2242 3218 qui
2267 3135 2608 3218 priusquam
2631 3133 2974 3197 occideren-

1059 3235 1157 3286 tur
1180 3230 1445 3292 vindicta
1465 3253 1530 3293 se
1556 3234 1852 3304 satiatmi,
1877 3242 2058 3294 noctu
2095 3233 2534 3315 impressionem
2573 3233 2634 3291 in
2679 3231 2972 3292 lancicu-

1058 3343 1155 3384 ses
1172 3324 1424 3400 faciunt,
1450 3349 1845 3412 magnumque
1871 3349 2074 3391 eorum
2101 3349 2406 3391 numerum
2427 3329 2730 3390 occidunt.
2797 3329 2966 3390 Con-

1055 3423 1311 3484 curritur
1334 3434 1398 3486 et
1426 3427 1505 3486 ab
1530 3426 1844 3510 oppidanis
1867 3427 1944 3489 ad
1969 3426 2388 3511 opprimendos
2409 3427 2692 3508 hospites,
2717 3445 2968 3506 magno-

1056 3538 1175 3599 que
1221 3541 1359 3582 cum
1406 3523 1672 3585 elamore
1713 3535 2016 3587 certamen
2061 3534 2236 3587 πίτυι
2279 3523 2623 3588 conseritur.
2731 3521 2966 3584 Consul

1052 3637 1252 3678 causae
1277 3639 1393 3680 non
1427 3621 1668 3700 ignarus
1705 3624 1856 3684 inter
1899 3643 2036 3686 eum
2077 3620 2396 3684 tumultum
2435 3621 2630 3683 scalas
2673 3620 2966 3702 applicari

1054 3715 1345 3777 moenibus
1371 3718 1575 3798 jubet,
1616 3723 2082 3802 transcensisque
2117 3722 2192 3782 iis
2223 3718 2448 3802 oppido
2493 3720 2758 3801 potitur:
2799 3721 2967 3780 cives

1056 3810 1134 3871 ad
1160 3833 1344 3874 unum
1368 3835 1573 3878 omnes
1604 3817 1922 3881 interficit:
1967 3817 2380 3888 Numantinis,
2420 3818 2524 3897 qui
2559 3816 2638 3877 ad
2671 3815 2964 3877 ducentos

1052 3922 1415 3989 supererant,
1444 3913 1706 3976 abeundi
1730 3915 1808 3976 ad
1833 3937 1972 3976 suos
1997 3915 2143 3976 facit
2166 3921 2542 3995 potestatem,
2567 3913 2696 3975 sive
2723 3914 2964 3976 virtutis

1050 4004 1291 4084 indigne
1328 4010 1750 4074 circumventae
1790 4021 2008 4073 sortem
2047 4011 2358 4080 misertum
2402 4011 2528 4070 sive
2567 4019 2634 4071 ut
2667 4011 2958 4072 invictam

1048 4101 1225 4161 armis
1252 4104 1580 4181 civitatem,
1620 4109 1699 4170 ad
1735 4107 2000 4169 Romani
2037 4107 2264 4190 imperii
2292 4107 2660 4190 patientiam,
2690 4107 2958 4170 lenitatis

1045 4200 1327 4280 exemplo
1350 4203 1695 4267 solicitaret.

1084 4363 1130 4440 ’δ
1170 4367 1347 4416 Urbem
1386 4383 1527 4432 quun·
1568 4372 1725 4423 Leuci
1761 4373 1952 4436 vome]
2035 4372 2192 4424 dorus
2216 4371 2394 4436 Lugui-
2417 4373 2571 4426 Crev-

1041 4428 1130 4480 διο
1150 4432 1359 4497 quidem
1378 4434 1726 4490 ptolemeus:
1754 4448 1808 4489 u
1829 4439 1952 4490 Dio-
