3225 5242
638 607 651 623 ,
716 566 923 617 mant
978 568 1225 617 nxvu.
1272 570 1927 621 surrnnussn'runu.
2275 557 2454 625 4339

208 708 452 771 unicum
479 706 767 770 Cimbrici
786 708 931 769 belli
952 730 991 770 a
1008 700 1155 770 Diis
1178 710 1606 773 immortalibus
1625 711 1897 774 oblatum
1913 712 2131 775 ducem

208 807 561 885 agnovistis,
596 808 707 867 sub
748 808 939 917 ipsum
978 805 1225 869 edendae
1262 830 1461 891 operae
1484 818 1720 893 tempus
1759 811 1840 871 ab
1879 811 2128 892 imperio

214 904 599 965 removeatis.

294 1008 399 1063 66.
440 1000 738 1083 Cupiente
776 1002 939 1064 haud
978 1002 1163 1063 dubie
1208 973 1411 1062 Mai-io
1444 1003 1577 1064 haec
1612 1004 1984 1083 agebantur.
2021 1001 2128 1063 sed

205 1098 319 1159 ille
344 1100 517 1181 quasi
539 1120 643 1181 per
664 1099 1041 1173 modestiam,
1068 1109 1177 1161 aut
1196 1098 1507 1181 placandae
1538 1102 1802 1174 invidiae,
1827 1102 2127 1161 detrecta-

209 1197 346 1257 bat.
426 1198 591 1276 Ergo
614 1198 693 1258 ab
716 1199 977 1271 tribuno,
1004 1200 1133 1280 pari
1158 1197 1555 1271 simulatione,
1584 1200 1820 1261 acribus
1841 1200 2130 1261 conviciis

212 1294 581 1367 verberatus,
609 1302 628 1331 ⁶
650 1294 813 1375 quod
838 1296 956 1356 aris
980 1295 1247 1375 focisque
1272 1295 1333 1357 in
1353 1304 1517 1357 certo
1534 1295 1870 1357 discrimine
1895 1297 2127 1377 positis,

214 1388 539 1451 desiderari
560 1410 803 1472 operam
827 1411 994 1452 suam
1030 1392 1243 1473 patriae
1267 1391 1529 1472 proditor
1552 1392 1804 1461 sineret3
1825 1392 1843 1421 ’
1883 1391 2128 1453 tandem

216 1484 559 1566 designatus
596 1499 727 1549 est:
772 1490 1010 1561 ceteriS,
1050 1488 1197 1549 licet
1232 1490 1365 1549 hoee
1408 1488 1670 1549 ludibria
1705 1488 2127 1570 intelligerent,

216 1584 411 1645 minus
432 1588 915 1667 repugnantibus,
926 1585 1073 1667 quia
1088 1584 1386 1659 Cimbros,
1399 1593 1712 1668 postquam
1727 1586 1961 1647 exclusi
1975 1586 2128 1648 His-
2153 1601 2260 1652 Li.
2280 1602 2412 1669 Epit.

217 1682 399 1761 pania
432 1682 689 1755 fuerant,
724 1685 787 1743 in
825 1682 1097 1745 Galliam
1132 1704 1393 1745 reversos
1426 1704 1565 1745 cum
1595 1682 1888 1744 Teutonis
1915 1685 2130 1744 iterum

215 1798 281 1837 se
324 1780 705 1870 conjunxisse
748 1787 1181 1860 compererant,
1224 1788 1292 1841 et
1333 1781 1652 1841 immanem
1683 1778 1943 1839 firturam
1981 1778 2132 1839 belli

216 1876 438 1936 molem
464 1858 815 1957 apparebat,
852 1896 963 1937 nec
996 1884 1216 1937 temere
1254 1878 1536 1957 cuiquam
1567 1876 1680 1935 nisi
1717 1874 1920 1936 Mario
1953 1876 2128 1935 susti-
2151 1864 2455 1983 {gl-¹1¹³}-

218 1972 493 2034 nendam.
578 1974 801 2035 Factus
832 1982 925 2035 est
964 1994 1084 2034 una
1118 1974 1205 2041 Q.
1238 1972 1515 2035 Lutatius
1551 1971 1828 2044 Catulus,
1858 1974 2035 2063 cujus
2067 1981 2131 2034 et
2153 1994 2290 2045 Plut
2443 1965 2459 1982 ’

220 2072 279 2132 in
302 2082 513 2133 senatu
538 2091 771 2152 magnae
801 2092 966 2153 opes,
1000 2081 1065 2132 et
1098 2070 1177 2133 ad
1204 2071 1490 2153 populum
1516 2068 1707 2131 illaesa
1731 2069 1925 2149 gratia
1941 2078 2090 2131 erat.
2093 2070 2128 2105 '¹

296 2176 402 2230 69.
446 2169 678 2229 Eodem
702 2188 859 2229 anno
886 2168 959 2229 L.
984 2166 1307 2249 Apuleius,
1332 2188 1455 2249 quo
1476 2167 1609 2248 plus
1635 2186 1675 2227 a
1699 2167 1900 2227 Mario
1917 2166 2126 2226 militi·
2185 2173 2265 2223 Au
2267 2166 2335 2223 ct.
2353 2177 2418 2225 de

216 2268 447 2347 busque
494 2268 700 2346 gratim
739 2267 935 2338 iniret,
972 2266 1103 2327 ‘uti
1142 2265 1439 2328 veteranis
1478 2264 1630 2343 agri,
1665 2264 1772 2345 qni
1809 2263 1870 2323 in
1911 2262 2128 2323 Africa
2150 2238 2460 2359 Xustfflmffi

216 2372 431 2446 captus
454 2364 813 2443 Jugurthino
838 2362 1000 2425 bello
1024 2363 1255 2435 fuisset,
1281 2371 1536 2423 centena
1549 2364 1766 2441 jugera
1789 2356 2126 2421 divideren-

214 2463 359 2533 tur,'
384 2460 545 2522 tulit.
628 2461 912 2545 Accepta
950 2462 1179 2541 rogatio
1226 2469 1342 2532 est,
1386 2460 1603 2521 Baebio
1637 2456 2127 2539 tribunoplebis,

192 2628 205 2639 Ι
218 2561 324 2639 qui
352 2560 779 2631 intercesserat,
806 2580 847 2621 a
874 2560 1051 2621 turba
1075 2556 1381 2639 petulante
1421 2557 1718 2638 lapidibus
1747 2557 1982 2617 abacto.
2067 2552 2129 2615 Ii

206 2659 345 2736 jam
370 2676 561 2717 mores
597 2644 991 2727 invaluerant,
1022 2664 1090 2717 ut
1114 2676 1232 2717 non
1256 2674 1337 2715 ex
1358 2654 1619 2717 utilitate
1645 2653 1908 2735 publica,
1935 2671 2128 2732 neque

216 2756 511 2815 consensu
552 2755 717 2835 leges
750 2754 1075 2823 ferrenturz
1114 2752 1221 2815 sed
1256 2753 1413 2815 sicut
1439 2752 1618 2834 parti,
1655 2770 1792 2835 qnoe
1819 2750 2045 2813 viribus
2067 2756 2132 2809 et

220 2852 480 2915 audacia
504 2854 700 2935 potior
724 2860 875 2933 erat,
901 2852 1241 2934 placuisset.

813 3106 845 3138 ³
866 3106 933 3159 A.
957 3106 1028 3158 U.
1050 3105 1244 3157 cmm.
1281 3100 1351 3155 Α.
1373 3098 1436 3155 C.
1460 3104 1572 3156 102.
