3225 5242
841 534 1045 585 unm
1096 535 1312 587 mxiv.
1354 498 2012 589 surrnssussu'rum.

329 686 493 737 metu
518 677 823 759 perculsus
837 677 1178 753 Adherbal,
1194 691 1505 763 postquam
1524 682 1728 763 inopia
1751 702 1944 742 rerum
1957 700 2223 743 neceesa-

246 770 251 773 ’
326 774 547 835 riarum
572 775 842 837 fatiscere
866 776 1129 837 obaesus
1152 777 1588 849 animadvertit,
1614 797 1693 839 ex
1717 779 1788 839 iis
1811 779 1916 859 qui
1942 799 2062 839 una
2088 778 2226 840 cir-

328 878 455 929 tam
482 870 861 951 profugerant
882 872 1033 934 duos
1056 874 1315 936 maxime
1342 874 1624 956 impigros
1645 875 1942 955 promissis
1963 884 2026 935 et
2049 875 2224 935 mise-

328 967 559 1027 ratione
576 968 745 1029 sortis
770 988 895 1029 suoe
918 979 1240 1051 permovet,
1267 980 1335 1031 ut
1360 991 1463 1052 per
1488 970 1840 1031 munitiones
1865 971 2118 1031 boatium
2143 972 2224 1033 ad

326 1080 517 1134 mare,
540 1064 699 1143 quod
726 1084 836 1127 nee
856 1066 1027 1145 louge
1055 1068 1282 1137 aberat,
1307 1066 1525 1128 deinde
1547 1065 1808 1128 Romam
1833 1056 2101 1148 pergant.

412 1165 473 1221 ⁷.
513 1158 622 1220 Ab
646 1162 741 1221 his
764 1163 1127 1225 miserabiles
1151 1163 1337 1225 literae
1368 1165 1599 1224 senatui
1637 1163 1978 1237 redduntur,
2007 1165 2064 1224 in
2093 1166 2222 1227 haec

326 1256 517 1317 verba
562 1258 836 1339 scriptae:
882 1270 899 1297 ‘
920 1259 1069 1321 Non
1120 1280 1253 1321 mea
1300 1260 1481 1341 culpa
1524 1278 1684 1341 saepe
1729 1260 1808 1320 ad
1851 1280 1960 1321 vos
1993 1273 2222 1323 oratum

324 1352 521 1425 mitto,
539 1354 759 1416 Patres
785 1355 1140 1439 conscripti,
1164 1357 1273 1419 aed
1295 1358 1389 1418 vis
1412 1357 1725 1437 Jugurthae
1749 1358 2004 1437 subigit:
2049 1377 2226 1439 quem

324 1458 495 1510 tanta
519 1450 704 1514 libido
730 1472 823 1514 me
848 1454 1230 1534 extinguendi
1272 1455 1506 1525 invasit,
1533 1463 1601 1514 ut
1635 1474 1825 1535 neque
1859 1475 1990 1526 voa,
2031 1475 2224 1535 neque
2342 1494 2351 1501 ,

326 1544 499 1607 Deos
544 1549 903 1627 immortales
952 1551 1013 1611 in
1064 1552 1262 1612 animo
1303 1552 1561 1620 habeat;
1604 1551 1948 1629 sanguinem
2003 1571 2221 1625 meum,

320 1663 507 1723 quam
522 1648 745 1720 omnia,
770 1648 957 1710 malit.
1040 1648 1261 1729 Itaque
1284 1649 1555 1729 quintum
1570 1649 1708 1729 jam
1731 1668 1992 1709 mensem
2032 1650 2226 1709 socius

320 1747 388 1799 et
430 1741 653 1803 amicus
698 1743 905 1825 populi
931 1744 1195 1805 Romani
1234 1746 1411 1805 armis
1447 1746 1715 1805 obsessus
1755 1754 1989 1806 teneor:
2033 1766 2224 1825 neque

320 1836 469 1899 mihi
506 1837 783 1921 Micipsae
826 1842 1011 1923 patris
1047 1842 1167 1902 mei
1209 1839 1522 1913 beneficia,
1550 1860 1741 1923 neque
1767 1850 1963 1903 vestra
1985 1840 2224 1902 decreta

318 1934 717 1998 auxiliantur:
754 1936 931 2011 ferro,
958 1958 1035 1999 an
1052 1938 1210 1999 fame
1235 1940 1429 2002 acrius
1452 1958 1686 2017 urgear,
1713 1939 1968 1999 incertus
1990 1958 2139 1997 sum.

402 2038 465 2091 8.
520 2043 538 2069 ⁸
565 2032 761 2095 Plura
811 2034 887 2095 de
938 2034 979 2095 J
982 2036 1233 2115 ugurtha
1284 2036 1535 2095 scribere
1586 2033 1934 2095 dehortatur
1983 2033 2223 2096 fortuna

318 2148 499 2189 mea:
538 2131 723 2191 etiam
746 2140 926 2191 antea
948 2141 1227 2213 expertum
1248 2151 1381 2193 eum
1407 2108 1615 2213 pai-uin
1643 2130 1787 2189 fidei
1825 2130 2051 2191 miseris
2073 2152 2218 2191 esse.

318 2223 391 2285 N
396 2226 471 2285 isi
509 2234 711 2287 tamen·
748 2226 1017 2308 intelligo
1050 2228 1219 2289 illum
1260 2236 1437 2308 supra
1474 2246 1655 2308 quam
1689 2247 1800 2306 ego
1823 2246 1953 2287 aum
1979 2236 2216 2307 petere;

316 2341 513 2402 neque
536 2323 711 2385 simul
736 2324 1059 2385 amicitiam
1080 2333 1357 2395 vestram,
1384 2332 1447 2383 et
1482 2343 1724 2403 reg-num
1751 2342 1944 2383 meum
1963 2344 2221 2406 sperare.

318 2417 543 2479 Utrum
590 2422 825 2499 gravius
872 2421 1193 2493 existimet,
1244 2422 1463 2482 nemini
1512 2420 1812 2483 occultum
1855 2430 1966 2481 eat.
2050 2417 2220 2480 Nam

314 2516 491 2577 initio
536 2517 759 2578 occidit
806 2517 1222 2599 Hiempsalem
1271 2517 1511 2578 fratrem
1562 2536 1796 2578 meum:
1839 2516 1975 2577 dein
2027 2516 2218 2596 patrio

313 2632 501 2691 regno
540 2633 635 2673 me
668 2613 919 2695 expulit.
1003 2614 1160 2681 Quae
1182 2634 1323 2675 sane
1358 2613 1577 2675 fuerint
1608 2622 1822 2673 nostrae
1849 2612 2101 2692 injuriae,
2127 2613 2216 2673 ni-

313 2707 403 2768 hil
449 2710 530 2771 ad
567 2730 694 2771 vos.
762 2709 991 2772 Verum
1032 2731 1187 2773 nune
1218 2732 1459 2791 reg-num
1501 2719 1762 2771 vestrum
1799 2708 1979 2769 armis
2011 2717 2215 2769 tenet:

314 2824 440 2877 me,
480 2826 657 2886 quem
695 2826 803 2869 voe
836 2808 1246 2889 imperatorem
1283 2805 1569 2891 Numidis
1609 2806 1904 2888 posuistis,
1947 2804 2214 2866 clausum

312 2902 583 2965 obsidet:
624 2903 949 2983 legatorum
976 2906 1161 2965 verba
1178 2905 1387 2985 quanti
1413 2902 1644 2973 fecerit,
1669 2900 1936 2983 pericula
1959 2921 2094 2961 mea
2107 2900 2212 2961 de-

310 2996 567 3063 clarant.
652 2999 820 3067 Quid
860 3010 953 3061 est
984 3000 1299 3081 reliquum,
1338 3001 1448 3061 nisi
1477 3000 1568 3060 vis
1600 3009 1819 3071 vestra,
1847 3019 1968 3079 qua
1991 2997 2214 3059 moveri

310 3098 545 3179 poenit?
627 3094 795 3157 Nam
826 3116 941 3177 ego
964 3096 1205 3179 quidem
1228 3095 1471 3168 vellem,
1494 3106 1559 3157 et
1581 3097 1712 3155 haec
1749 3114 1884 3176 quae
1911 3094 2126 3165 scribo,
2153 3103 2216 3154 et

308 3194 427 3255 illa
460 3212 597 3275 quae
620 3202 801 3255 antea
834 3194 895 3255 in
918 3201 1127 3254 senatu
1152 3202 1393 3275 questus
1414 3212 1565 3265 aum,
1592 3211 1752 3254 vana
1779 3191 1973 3252 forent
1997 3191 2216 3272 potius,

310 3310 499 3371 quam
523 3290 757 3351 miseria
780 3310 917 3351 mea
938 3289 1119 3352 fidem
1142 3290 1343 3351 verbis
1364 3288 1607 3350 faceret.
1694 3287 1816 3348 Sed
1841 3288 2124 3367 quoniam
2141 3308 2217 3347 eo

308 3396 491 3449 nat-ns
510 3408 663 3459 mm,
678 3398 747 3449 ut
762 3386 1073 3467 Jugurthae
1098 3386 1387 3449 scelerum
1408 3386 1670 3447 ostentui
1693 3405 1916 3454 essem3
1959 3405 2076 3445 non
2081 3386 2216 3463 jam

308 3494 583 3556 mortem,
612 3504 805 3567 neque
842 3504 1155 3557 aerumnaa,
1196 3483 1603 3547 tanmmmodo
1629 3484 1853 3544 inimici
1881 3484 2214 3563 imperium,

307 3589 377 3641 et
418 3582 717 3643 nunciatus
746 3582 1007 3663 eorporis
1046 3580 1346 3664 deprecor.
1415 3580 1638 3662 Regno
1679 3580 2008 3653 Numidiae,
2054 3578 2213 3660 quod

308 3686 571 3741 vestrum
606 3688 719 3751 eet,
762 3680 851 3739 uti
886 3678 1055 3751 libet,
1092 3677 1420 3741 consulite:
1464 3696 1556 3739 me
1595 3698 1676 3739 ex
1712 3677 1986 3737 manibus
2021 3676 2216 3757 impiis

306 3775 547 3855 eripite,
596 3792 705 3855 per
745 3777 1139 3856 majestatem,
1159 3776 1413 3857 imperii,
1451 3795 1557 3856 per
1602 3774 1882 3835 amicitiae
1923 3771 2126 3844 fidem,
2161 3776 2212 3833 si

307 3870 441 3930 ulla
464 3871 623 3952 apud
647 3890 757 3931 voa
780 3872 1061 3932 memoria
1083 3880 1345 3932 remanet
1368 3872 1469 3931 avi
1492 3870 1611 3931 mei
1640 3868 2019 3929 Masinissae!

390 3974 455 4028 9.
498 3966 627 4029 His
654 3966 873 4029 auditis
908 3988 1047 4049 pars
1076 3977 1315 4029 senatun
1350 3968 1690 4046 incorrupta
1727 3984 1844 4025 non
1873 3964 2210 4036 dubitabat,

304 4065 457 4145 quin
492 4074 633 4127 ante
656 4066 858 4135 omnia
886 4064 1353 4127 mbveniendum
1379 4063 1718 4125 Adherbali
1743 4062 1918 4135 foret,
1943 4064 2208 4123 exercitu

310 4164 375 4223 in
403 4162 679 4223 Africam
722 4165 932 4225 mino.
974 4162 1051 4223 de
1090 4161 1130 4223 J
1134 4163 1407 4242 ugurtha
1438 4161 1599 4243 quod
1637 4159 1738 4221 ille
1763 4161 1958 4221 verbis
1982 4160 2210 4239 legato·-

304 4280 441 4321 rum
466 4280 581 4321 non
621 4262 927 4371 punisset,
954 4281 1059 4342 per
1080 4261 1269 4321 otium
1297 4262 1477 4321 statui
1516 4280 1704 4341 posse.
1769 4258 2048 4321 Ceterum
2075 4258 2206 4319 fau

302 4366 465 4419 tores
498 4357 651 4437 regis
676 4358 955 4419 acerrime
982 4366 1339 4440 pugnarunt,
1368 4378 1441 4417 ne
1468 4355 1589 4417 tale
1614 4355 1758 4438 quid
1783 4356 2206 4417 decerneretur.
