3225 5242
815 522 1028 570 mam
1081 522 1274 573 Lxx.
1319 521 1972 573 surrnaussnruu.
2330 505 2507 573 4405

259 662 426 723 ludis
456 671 522 723 et
555 664 756 726 leones
789 666 1048 737 miserat,
1083 674 1148 726 et
1189 665 1436 727 Mauros
1463 666 1851 745 jaculatores,
1880 686 1918 727 a
1958 667 2177 749 quibus

259 758 718 821 conficerentur.
829 760 1016 821 Hanc
1067 770 1386 842 praeturam
1437 761 1637 843 Sylla,
1688 782 1833 823 mox
1883 765 1945 823 in
1999 783 2179 823 manu
2234 764 2348 815 Ἦ]-
2366 766 2507 816 Max.

259 865 456 917 totam
483 858 789 919 habiturus
825 858 1276 940 rempublicam,
1310 880 1490 938 aegre,
1527 880 1721 940 neque
1748 861 1991 942 optimis
2032 861 2175 920 arti·
2206 837 2374 947 Ἥῇἳ
2385 896 2508 961 Syll.

263 952 382 1015 bus
421 955 672 1036 adeptus
705 964 816 1016 est.
897 956 1038 1016 Jam
1083 958 1234 1017 inter
1276 961 1415 1017 anni
1463 958 1779 1039 superioris
1826 956 2181 1035 candidatos
2206 976 2252 1011 c.
2273 966 2323 1011 0·

259 1052 564 1132 repulsam
585 1074 791 1134 passus
809 1063 974 1114 erat:
1000 1075 1182 1135 quam
1207 1054 1312 1114 ille
1335 1055 1775 1134 sugillationem
1795 1056 1856 1113 in
1881 1073 2177 1115 commen-

259 1150 436 1210 tariis
459 1153 582 1211 suis
613 1152 728 1211 hoc
761 1152 960 1211 colore
997 1152 1316 1224 inumbrat,
1341 1162 1361 1189 ‘
1381 1151 1671 1233 populum
1694 1152 1987 1213 maximos
2012 1152 2090 1213 ab
2114 1172 2181 1213 se

265 1246 448 1307 ludos
469 1256 706 1327 propter
721 1248 1046 1308 amicitiam
1073 1248 1307 1309 Bocchi
1331 1257 1768 1329 expectantem,
1793 1258 2049 1331 praetura
2074 1268 2176 1307 ne-

265 1351 416 1421 gata
453 1362 662 1423 cogere
701 1342 778 1403 ad
809 1343 1118 1409 ⁴aedilitatis
1155 1346 1504 1425 petitionem
1528 1345 1825 1405 voluisse?
1906 1344 2075 1406 Nam
2100 1348 2180 1407 ab
2240 1351 2422 1404 Cic-de

265 1438 566 1511 aedilibus,
619 1440 950 1501 inveterato
982 1443 1118 1520 jam
1175 1462 1364 1513 more,
1409 1440 1889 1524 splendidissima
1938 1463 2185 1505 munera
2208 1417 2310 1469 Off.
2334 1436 2397 1470 ¹¹·
2423 1425 2506 1472 ¹⁶⁰

267 1536 528 1617 populus
571 1537 873 1615 exigebat.
959 1536 1158 1617 Sylla,
1193 1537 1292 1598 cui
1333 1548 1544 1619 praeter
1587 1548 1827 1599 aetatem
1860 1541 2185 1602 minoribus

269 1632 556 1711 gerundis
581 1634 1024 1713 magistratibus
1053 1644 1282 1716 tempus
1307 1644 1494 1695 terere
1519 1655 1640 1695 non
1662 1635 1966 1717 placebat,
1993 1637 2182 1698 aedili-

265 1738 398 1789 tate
443 1732 803 1801 transmissa,
833 1730 1216 1791 nihilominus
1256 1733 1627 1813 comparavit
1663 1733 1906 1804 bestias,
1930 1735 1993 1793 in
2034 1754 2182 1815 prae-

267 1834 409 1885 tura
443 1826 728 1888 daturus:
772 1847 964 1908 eaque
1007 1848 1134 1909 spe,
1165 1827 1344 1888 simul
1383 1828 1699 1889 ambiendo
1738 1828 2181 1915 largiendoque,
2209 1848 2339 1901 Plut.

271 1925 560 2006 populum
587 1925 842 1997 induxit,
869 1926 1176 1986 utiterum
1209 1934 1530 2007 petentem,
1555 1936 1864 2007 praetorem
1899 1927 2185 1989 facerent.

275 2020 478 2102 quue
499 2021 650 2081 salse
671 2022 787 2102 ipsi
807 2024 1226 2103 exprobratum
1251 2031 1346 2083 est
1370 2043 1409 2081 a
1435 2022 1697 2094 Caesare,
1722 2022 1799 2083 de
1824 2026 1999 2103 cujus
2024 2024 2185 2085 face-

271 2128 342 2178 to
381 2118 618 2197 ingenio
657 2138 842 2200 supra
873 2119 1276 2179 narravimus:
1329 2120 1434 2198 qui
1473 2117 1663 2200 Syllae
1700 2139 1806 2199 per
1840 2121 1987 2179 iram
2012 2122 2184 2180 mini-

269 2216 453 2285 tanti,
480 2224 498 2249 ‘
521 2236 630 2275 sua
652 2236 716 2275 se
742 2223 1036 2297 potestate
1061 2235 1300 2277 usurum
1318 2216 1359 2283 3’
1417 2224 1436 2251 ‘
1457 2212 1704 2287 Recte,'
1730 2216 1946 2295 inquit,
1976 2226 1996 2253 ‘
2016 2225 2185 2277 tuum

275 2309 570 2391 appellaS,
597 2311 760 2391 quod
784 2312 1041 2373 emeris.'

357 2414 460 2469 36.
505 2408 736 2469 Eadem
761 2418 966 2470 aestate
993 2409 1112 2469 duo
1148 2428 1228 2467 ex
1253 2406 1560 2488 Hispania
1585 2408 1873 2490 triumphi
1898 2429 1937 2469 a
1959 2408 2188 2470 duobus
2214 2430 2513 2495 FastiCnpit.

273 2504 728 2585 proconsulibus
768 2506 926 2567 intra
965 2504 1224 2587 triduum
1249 2504 1438 2565 ducti.
1521 2504 1608 2565 A.
1635 2504 1717 2567 D.
1744 2522 1841 2565 lv.
1888 2505 2037 2565 Idus
2071 2506 2183 2566 Ju-

273 2601 408 2661 nias
431 2601 506 2659 de
535 2600 860 2661 Celtiberis
888 2600 963 2661 T.
1005 2599 1226 2661 Didius
1260 2599 1334 2659 T.
1380 2600 1452 2659 F.
1484 2600 1633 2661 Sex.
1664 2600 1754 2662 N.
1780 2602 2186 2684 triumphavit.

275 2696 490 2756 Pridie
518 2696 670 2757 Idus
692 2698 770 2757 de
792 2697 1090 2758 Lusitanis
1115 2697 1198 2758 P.
1224 2696 1492 2757 'Licinius
1519 2696 1614 2757 M.
1652 2698 1725 2757 F.
1763 2698 1847 2759 P.
1890 2697 1981 2758 N.
2010 2698 2185 2759 Cras-

273 2815 396 2855 sus.
479 2792 704 2876 Neque
729 2804 929 2855 tamen
959 2795 1225 2877 Hispani
1260 2797 1668 2876 quiescebant,
1694 2797 1841 2877 quin
1869 2798 2069 2857 statim
2099 2818 2193 2857 res
2244 2818 2431 2871 Axon,
2446 2819 2499 2867 in

277 2911 466 2953 novas
485 2891 848 2963 molirentur,
875 2892 988 2953 nisi
1011 2902 1204 2952 motus
1237 2912 1340 2952 eos
1365 2900 1592 2952 mature
1615 2891 1907 2973 supplicio
1931 2912 2190 2972 quorun·
2212 2884 2464 2999 ξίἳωὸδ..

275 2987 418 3047 dam
439 2988 792 3069 principum,
813 2989 1166 3067 urbiumque
1189 2988 1374 3049 ruinis
1398 2987 1631 3049 Nasica
1655 2989 2109 3070 compressisset.
2144 2996 2152 3001 '
2304 2983 2319 2999 ⁰

361 3090 464 3147 37.
508 3084 806 3145 censoriis
829 3083 1049 3146 deinde
1073 3085 1330 3144 comitiis
1352 3085 1471 3149 Cn.
1504 3083 1805 3145 Domitius
1832 3084 2191 3147 Ahenobar-

277 3182 414 3253 bus,
463 3180 534 3241 L.
579 3180 840 3241 Licinius
882 3180 1134 3241 Crassus
1177 3180 1358 3252 facti,
1384 3180 1631 3242 Latinos
1670 3184 1757 3240 uti
1790 3202 1854 3241 se
1895 3183 2195 3243 vocabant
2250 3212 2359 3263 cic.
2379 3228 2460 3277 ⁸9·

279 3278 544 3337 rhetores
593 3275 870 3339 claudere
923 3275 1128 3336 ludum
1170 3277 1555 3357 impudentia
1590 3279 1913 3355 jusserunt.
1997 3278 2193 3358 Cujus
2224 3279 2367 3329 Auct.
2387 3279 2453 3327 de

281 3372 464 3433 edicti
491 3374 674 3433 verba
698 3374 1078 3434 veneratione
1107 3373 1478 3454 antiquitatis
1503 3373 1717 3434 lubens
1740 3374 1948 3435 refero.
2018 3384 2037 3411 ‘
2062 3374 2190 3437 Re·
2216 3342 2367 3472 ἓξὲξ
2381 3344 2525 3459 gog}

283 3472 617 3531 nuntiatum
643 3480 738 3531 est
761 3471 934 3530 nobis
957 3490 1083 3529 esse
1109 3470 1400 3542 homines,
1426 3471 1534 3550 qui
1559 3491 1775 3531 novum
1806 3492 1991 3551 genus
2014 3472 2190 3533 disci·
2248 3472 2521 3549 Sue-tonde

281 3568 464 3649 plinae
491 3568 897 3628 instituerunt:
941 3567 1018 3627 ad
1051 3588 1200 3647 quos
1223 3571 1516 3647 juventus
1545 3570 1605 3629 in
1644 3569 1817 3630 ludos
1840 3572 2187 3631 conveniat:
2215 3535 2427 3651 (ἔξω,

279 3686 384 3727 eos
407 3666 522 3727 sibi
553 3685 766 3726 nomen
802 3666 1142 3745 imposuisse
1182 3664 1428 3725 Latinos
1463 3666 1763 3727 rhetoras:
1818 3667 1903 3726 ibi
1930 3667 2193 3727 homines
2216 3680 2261 3713 ο·
2286 3670 2331 3715 1.

281 3761 754 3823 adolescentulos
795 3769 952 3822 totos
986 3760 1114 3821 dies
1146 3760 1433 3821 desidere.
1519 3760 1653 3840 Maj
1661 3781 1791 3821 ores
1828 3763 2028 3833 nostri,
2056 3782 2191 3841 quae
2220 3728 2313 3843 ,ἐξ
2336 3730 2469 3847 gen.

281 3858 500 3919 liberos
523 3878 661 3918 suos
686 3858 938 3929 discere,
977 3865 1041 3918 et
1064 3877 1215 3937 quos
1241 3858 1300 3917 in
1328 3857 1498 3919 ludos
1521 3859 1671 3919 itare
1708 3856 1951 3928 vellent,
1977 3860 2194 3917 consti-

281 3964 541 4017 tuerunt.
623 3953 786 4015 Haec
819 3974 1000 4025 nova,
1029 3974 1166 4035 quae
1204 3964 1418 4035 praeter
1449 3954 1935 4015 consuetudinem
1970 3974 2045 4013 ac
2068 3956 2194 4013 mo-

283 4072 408 4114 rem
434 4054 724 4130 majorum
761 4048 932 4121 fiunt,
961 4071 1152 4130 neque
1189 4052 1450 4131 placent,
1479 4070 1673 4132 neque
1702 4058 1867 4111 recta
1898 4049 2195 4111 videntur.

287 4149 675 4229 Quapropter
699 4155 764 4207 et
783 4146 858 4207 iis
883 4147 985 4226 qui
1011 4168 1118 4207 eos
1143 4146 1316 4207 ludos
1335 4146 1582 4217 habent,
1609 4155 1674 4206 et
1700 4146 1770 4205 iis
1789 4148 1891 4227 qui
1910 4166 1983 4206 eo
1998 4148 2196 4208 venire

281 4252 735 4313 consueverunt,
762 4240 994 4304 videtur
1028 4241 1400 4314 faciundum,
1431 4250 1500 4301 ut
1523 4242 1900 4305 ostendamus
1939 4253 2197 4303 nostram

283 4342 665 4411 sententiam,
693 4340 864 4400 nobis
883 4335 1001 4401 non
1030 4338 1310 4421 placere.'
