3225 5242
681 539 858 604 4414
1650 551 1719 602 τ.
1770 549 1967 600 mvn

1008 695 1281 759 tenuibus
1317 695 1689 778 scriptorum,
1714 695 1907 776 iisqne
1932 691 2331 777 pugnantibus
2352 691 2505 754 inter
2539 711 2604 753 se
2629 691 2918 776 reliqniis,

1005 815 1126 875 quo
1150 794 1504 857 laboriosius
1521 801 1655 852 erat
1678 791 1977 863 evolvere,
1998 799 2169 851 tanto
2196 791 2509 852 intentiore
2526 811 2672 851 eura
2690 799 2913 850 scruta-

1003 899 1123 963 tus,
1165 899 1235 950 ut
1273 889 1572 950 verissime
1604 897 1833 970 potero,
1868 886 2140 948 tradam:
2182 885 2423 968 quando
2462 907 2629 966 reges
2660 887 2758 946 isti
2798 906 2919 946 non

1007 988 1198 1047 minus
1217 987 1552 1047 intricatam
1579 977 1875 1065 gestorum
1900 985 2245 1045 memoriam
2271 983 2519 1054 habent,
2545 1003 2727 1064 quam
2752 991 2921 1062 gesta

1005 1085 1157 1166 ipsa,
1193 1083 1552 1154 nominibus,
1595 1083 2013 1153 matrimoniis„
2046 1081 2305 1164 imperiis
2342 1079 2675 1162 prodigiose
2718 1079 2919 1151 mixti,

963 1193 970 1220 ²
1003 1182 1361 1242 habuerunt.
1447 1178 1673 1260 Neque
1700 1180 1802 1260 qui
1830 1187 2029 1240 nostro
2066 1187 2175 1239 aut
2204 1187 2441 1258 patrum
2479 1196 2612 1238 ωηο
2652 1185 2923 1256 tempora

1004 1279 1234 1338 curiose
1276 1276 1677 1356 digesserunt,
1711 1276 1857 1336 satis
1890 1283 1999 1335 aut
2036 1275 2193 1335 inter
2222 1295 2374 1345 sese,
2408 1281 2517 1334 aut
2548 1293 2687 1334 cum
2726 1291 2921 1332 rerum

1005 1383 1301 1464 gestarum
1329 1372 1450 1433 fide
1486 1373 1879 1434 consentiunt.
1963 1369 2160 1450 Igitur
2182 1368 2225 1429 J
2227 1371 2514 1451 osephum
2542 1379 2721 1450 atque
2760 1369 2923 1430 Por-

1007 1471 1286 1553 phyrium
1312 1472 1596 1540 maxime,
1622 1468 1773 1530 locis
1788 1477 1851 1528 et
1869 1469 2035 1528 aetati
2048 1467 2128 1528 de
2154 1467 2371 1548 quibus
2392 1466 2699 1527 scribimus
2718 1466 2921 1546 proxi·-

1007 1589 1174 1637 mosg
1219 1577 1304 1638 et,
1332 1568 1436 1627 ubi
1463 1567 1701 1627 variant
1732 1575 2029 1638 auctores,
2072 1564 2531 1646 probabiliorem
2568 1563 2921 1623 sententiam

711 1659 914 1724 J⁰⁸⁶P¹¹·
1006 1665 1218 1735 secuti,
1247 1662 1524 1744 Grypum
1553 1661 1950 1734 Antiochum,
1970 1662 2181 1742 quinto
2200 1670 2265 1721 et
2282 1661 2735 1742 quadragesimo
2755 1661 2921 1731 vitae,

683 1741 810 1776 '‘¹¹''
832 1729 916 1776 ²¹⁸
1009 1760 1464 1822 undetricesimo
1490 1760 1659 1838 regni
1684 1777 1865 1830 anno,
1890 1757 2205 1837 cujusdam
2231 1756 2639 1818 Heracleonis
2660 1755 2803 1817 dolo
2830 1757 2921 1816 in·-

707 1864 985 1916 Athe-av.
1008 1857 1326 1918 tei-fectum
1366 1856 1661 1937 ponimus,
1699 1875 1957 1933 regnum·
1984 1853 2063 1915 ad
2094 1875 2159 1914 se
2198 1854 2432 1914 trahere
2451 1853 2774 1924 molientis,
2800 1873 2923 1934 quo

683 1933 763 1981 ¹⁸·
1009 1965 1273 2035 tempore
1314 1951 1689 2013 consulatum
1734 1950 1953 2012 Romoe
1982 1951 2101 2011 Cn.
2138 1950 2453 2012 Cornelius
2487 1948 2798 2022 Lentulus,
2834 1949 2921 2010 P.

1012 2051 1279 2111 Licinius
1307 2049 1556 2110 Crassus
1581 2049 1887 2128 gerebant.

680 2145 882 2211 Joneph.
1091 2155 1194 2209 61.
1241 2147 1435 2227 Igitur
1459 2154 1594 2229 post
1628 2147 1809 2226 longa
1842 2145 2093 2207 fratrum
2128 2143 2475 2216 certamina,
2499 2163 2637 2204 cum
2664 2163 2923 2204 summo-

1009 2253 1108 2304 tus'
1132 2244 1448 2328 hocmodo
1485 2244 1734 2327 Grypus
1771 2242 2029 2305 Seleuco
2065 2243 2194 2304 filio
2223 2243 2463 2304 fecisset
2494 2242 2717 2313 locum,
2744 2250 2923 2321 atque

680 2408 725 2458 P
755 2361 808 2393 ro
843 2380 859 2395 .
1013 2341 1099 2401 ita
1125 2341 1311 2402 veluti
1337 2341 1639 2402 defessum
1658 2341 1919 2422 pugilem
1944 2361 2151 2401 recens
2174 2339 2397 2402 viribus
2420 2339 2784 2420 excepisset3
2827 2359 2923 2397 su-

682 2411 988 2588 Effilssssssffiv·
1012 2435 2602 2596 μηωωῖἰῑεεθῖῖῑεεῑεῑ
2624 2435 2925 2593 &¹1:2³4

681 2605 934 2734 Sffl'pm·
1011 2579 1204 2691 'filium
1245 2630 1324 2692 ad
1361 2651 1567 2692 necem
1610 2553 1989 2710 quaerebat?
2020 2578 2156 2690 Sed'
2184 2626 2289 2688 ille
2314 2637 2581 2690 servatus
2604 2553 2927 2688 mezen-icis

1011 2747 1216 2808 opera,
1259 2747 1396 2808 quae
1434 2736 1673 2808 propter
1706 2727 1995 2816 eximiam·
2024 2724 2230 2786 foi-mre
2268 2723 2763 2806 pulchritudinem
2790 2743 2923 2783 eum

559 2897 568 2908 ,
684 2833 895 2896 Joasph.
1011 2823 1344 2905 deperibat,
1373 2823 1451 2884 ad
1480 2821 1747 2884 Aradios
1771 2830 2055 2902 tanquam
2076 2821 2156 2882 ad
2177 2820 2408 2902 asylum
2428 2820 2718 2900 confugit.
2761 2819 2923 2880 Ara·

683 2931 838 2980 strab.
857 2947 973 2982 xvi.
1011 2921 1098 2981 dii
1133 2921 1318 2992 enim,
1353 2941 1637 2982 concessu
1674 2918 1913 2980 Seleuci
1944 2918 2255 2992 Callinici,
2290 2919 2405 2980 hoc
2420 2921 2559 2999 jure
2588 2919 2921 2990 utebantur,

685 3012 736 3060 Ρ·
757 3001 873 3072 ⁷⁵0⁴·
1013 3030 1081 3079 ut
1107 3019 1288 3100 Syria
1312 3018 1592 3100 profugos
1614 3019 1777 3079 bona
1800 3037 2005 3096 regum
2029 3017 2208 3077 venia
2230 3017 2583 3098 reciperent,
2602 3036 2797 3097 neque
2820 3015 2922 3075 de-

1011 3116 1242 3177 dendos
1281 3117 1708 3198 repetentibus,
1754 3135 1947 3196 neque
1984 3115 2188 3175 invitis
2226 3113 2348 3175 illis
2380 3122 2491 3174 aut
2522 3114 2925 3193 ignorantibus

1013 3213 1390 3276 emittendos.

687 3323 904 3389 Appian.
1095 3319 1197 3372 62.
1241 3313 1336 3371 At
1365 3311 1528 3392 Syri,
1553 3331 1706 3392 quos
1731 3329 2004 3392 asperum
2032 3308 2269 3370 Seleuci
2295 3310 2742 3390 violentumque
2764 3309 2924 3388 inge·

1015 3410 1179 3468 nium
1203 3407 1594 3480 alienaverat,
1625 3417 1923 3469 servatum
1944 3407 2060 3468 sibi
2077 3428 2275 3486 regem
2302 3407 2591 3468 miraculo
2604 3409 2925 3486 jactantes,

1015 3507 1202 3568 Pium
1229 3504 1629 3588 appellarunt,
1660 3515 1943 3588 tanquam
1968 3526 2195 3566 morum
2216 3507 2425 3566 merito
2440 3505 2673 3584 gladios
2690 3513 2926 3586 patrue-

720 3612 752 3661 J
758 3615 929 3678 oneph.
1017 3602 1092 3664 lis
1117 3605 1418 3665 evasisset.
1505 3602 1721 3681 Igitur,
1751 3603 1943 3663 auctis
1967 3603 2044 3662 ab
2069 3601 2281 3662 eodem
2312 3602 2515 3663 favore
2540 3601 2813 3662 celeriter
2836 3601 2925 3660 vi-

687 3679 866 3742 Porph.
1017 3701 1200 3772 ribus,
1225 3699 1542 3760 Seleucum
1563 3699 1821 3780 expellit
1834 3699 2047 3780 Syria:
2072 3707 2525 3780 persecutusque
2542 3699 2602 3758 in
2620 3698 2925 3766 Ciliciam,

690 3808 897 3870 δοκιμὴ.
1019 3796 1179 3880 apud
1211 3797 1687 3878 Mopsuhestiam
1713 3794 1923 3878 praelio
1946 3797 2153 3857 vincit.
2238 3794 2529 3856 Seleucus
2548 3794 2627 3856 ad
2651 3813 2927 3876 reparan-

689 3873 907 4001 ssg'gjffi·
1018 3895 1128 3954 das
1147 3895 1322 3963 vires,
1343 3915 1479 3954 cum
1501 3893 1715 3953 acerbe
1738 3893 2019 3972 pecunias
2032 3894 2320 3971 exigeret,
2342 3893 2420 3953 ab
2439 3893 2773 3974 oppidanis,
2794 3895 2925 3972 igne

1019 3991 1080 4050 in
1107 3992 1498 4071 gymnasium,
1527 3989 1631 4048 ubi
1662 3989 2095 4061 diversabatur,
2131 3991 2375 4069 injecto,
2418 4010 2598 4052 manu
2632 4011 2743 4052 sua
2782 3990 2927 4050 mori

1020 4087 1254 4146 maluit.
1349 4085 1699 4146 AEdificium
1738 4106 1875 4146 eum
1913 4085 2119 4145 amicis
2153 4087 2333 4165 regiis
2355 4085 2631 4148 incendio
2656 4088 2928 4150 haustum

1018 4193 1129 4244 est.
1213 4183 1344 4244 Pro
1367 4204 1442 4244 eo
1465 4183 1689 4254 statim,
1707 4193 1997 4263 tanquam
2014 4181 2252 4263 Hydrae
2272 4185 2459 4246 reciso
2476 4186 2699 4266 capite,
2722 4185 2929 4246 fratre·

1022 4281 1363 4340 Antiochus
1385 4289 1448 4340 et
1473 4280 1824 4360 Philippus,
1856 4299 1918 4338 re
1944 4287 2008 4338 et
2034 4280 2439 4361 appellatione
2466 4283 2709 4361 gemini,
2735 4283 2929 4343 hostes

1023 4377 1148 4437 Pio
1172 4378 1537 4438 exoriuntur.
1622 4375 1780 4436 Cum
1816 4375 2014 4442 fratris
2044 4386 2289 4438 mortem
2328 4387 2510 4460 capta
2542 4379 2755 4440 rebelli
2788 4381 2926 4440 urbe
