3225 5242
667 522 850 597 4334
1636 544 1705 593 τ.
1756 544 1945 594 mvn

705 686 861 762 nucu.
880 700 960 763 ψ·
999 684 1082 747 ad
1119 685 1376 767 ineptias
1411 694 1544 747 erat
1578 684 1897 756 studiosum,
1940 684 2219 747 Sca-,vola
2250 706 2389 747 cum
2412 696 2629 769 praetor
2652 684 2921 763 Athenis

670 748 780 867 3¹2:
790 752 854 801 ‘¹⁰
867 750 980 801 Em.
1001 784 1297 856 ποθῶ-ει,
1323 782 1504 845 officii
1541 784 1735 864 gratia
1758 783 1838 846 ad
1864 804 1929 845 se
1954 774 2239 845 visentem
2267 783 2483 846 Graece
2508 785 2879 849 salutaverat
2896 806 2915 845 ε

997 879 1274 961 idemque
1292 881 1554 953 lictores,
1579 890 1646 942 et
1682 882 1875 941 omnis
1896 880 2178 962 deinceps
2201 881 2411 943 cohors
2432 880 2673 943 fecerat.
2758 882 2919 965 EJus

995 974 1242 1043 ludibrii
1265 998 1468 1037 sensias
1490 986 1615 1037 tam
1636 977 1761 1039 alte
1788 978 1851 1036 in
1878 986 2089 1059 pectus
2109 977 2363 1039 Albucii
2381 978 2709 1053 descendit,
2732 991 2801 1041 ut
2830 1000 2913 1041 ex

994 1073 1104 1137 illo
1129 1084 1395 1156 tempore
1411 1074 1705 1136 ·Mucium
1734 1075 2041 1153 insigniter
2064 1074 2306 1147 odisset,
2338 1090 2521 1158 atquo
2544 1076 2724 1137 etiam
2762 1077 2913 1157 legi-

992 1170 1106 1233 bus
1149 1172 1606 1253 repemndarum
1654 1173 2064 1251 interrogaret.
2167 1173 2293 1235 Sed
2336 1183 2399 1237 et
2450 1174 2791 1237 absolutum
2836 1195 2915 1237 eo

699 1272 808 1325 Cic.
828 1272 890 1322 de
981 1268 1222 1347 judicio
1259 1268 1619 1345 Scaevolam,
1647 1268 1811 1350 apud
1835 1268 2089 1331 eundem
2127 1270 2493 1333 Ciceronem·
2522 1272 2781 1337 relatum,
2800 1282 2915 1332 est.

665 1336 755 1389 ΟΥ·
779 1354 843 1388 ¹¹·
863 1343 946 1389 ⁷⁰⁰
995 1363 1238 1427 Idcirco
1272 1365 1394 1426 duo
1417 1364 1787 1427 diversorum
1830 1375 2161 1449 temporum
2198 1388 2546 1451 rectumque
2568 1367 2811 1448 judicia
2848 1368 2913 1428 in

991 1482 1172 1523 unum
1192 1462 1496 1523 miscenda
1539 1481 1657 1523 non
1698 1462 1961 1525 fuerunt.
2048 1463 2170 1526 Sed
2205 1466 2341 1527 haec
2374 1475 2557 1546 atque
2596 1464 2768 1537 talia,
2806 1466 2913 1533 ubi

989 1567 1164 1620 vetius
1187 1559 1434 1620 historia
1459 1557 1741 1639 deliquit,
1756 1580 1843 1643 ¹ex
1878 1561 2154 1623 tenuibus
2192 1571 2256 1623 et
2294 1564 2561 1624 obscuris
2584 1562 2909 1643 antiquita-

987 1663 1116 1715 tum
1141 1656 1431 1716 stricturis
1455 1654 1776 1717 difficulter
1798 1668 2099 1719 eruuntur.

1043 1756 1172 1811 53.
1213 1750 1497 1813 Ceterum
1538 1750 1697 1811 idem
1741 1752 2046 1815 Albucius.
2088 1737 2531 1817 damnationem
2563 1764 2631 1817 et
2656 1755 2911 1817 exilium

989 1846 1180 1908 multo
1203 1849 1530 1929 sapientius
1573 1850 1781 1909 tulisse
1808 1850 2099 1932 proditur,
2125 1871 2307 1931 quam
2333 1851 2515 1932 paulo
2554 1860 2693 1913 ante
2719 1852 2910 1933 impe·

657 1990 667 2000 .
987 1945 1140 2005 rium
1165 1945 1492 2006 habuerat:
1535 1966 1610 2006 ne
1636 1947 1726 2006 sic
1751 1946 1995 2027 quidem
2036 1948 2197 2008 omni
2234 1948 2563 2009 studiorum
2586 1947 2910 2012 deficiente

659 2041 766 2093 eie.
787 2040 934 2093 Tunc.
989 2038 1210 2111 fructu,
1253 2042 1528 2123 quamvis
1571 2043 1635 2101 in
1686 2062 1907 2105 vanum
1960 2044 2259 2123 ingenium
2302 2044 2649 2107 inciderant.
2734 2044 2911 2107 Nam

988 2132 1268 2197 Athenas
1293 2158 1558 2199 reversus
1597 2140 1937 2219 aequissimo
1960 2136 2177 2201 'animo
2200 2140 2769 2223 philosophabatur:
2810 2162 2909 2203 sa·

659 2234 740 2284 Re
762 2236 907 2287 Rust.
985 2232 1231 2313 tirisque
1259 2233 1572 2297 Luciliano
1609 2235 1772 2316 stylo
1804 2236 2150 2311 scribendis,
2176 2258 2346 2305 suam
2372 2237 2593 2320 pfflter
2616 2236 2907 2299 alienam-

987 2348 1107 2409 que
1135 2329 1454 2391 stultitiam
1481 2330 1925 2415 transducebat,

1041 2432 1167 2486 -54,
1212 2426 1338 2489 Sed
1355 2430 1554 2507 majus
1573 2428 1889 2509 aliquanto
1911 2438 2235 2501 certamen,
2256 2436 2321 2489 et
2338 2428 2623 2491 advorsus
2646 2430 2909 2509 majores

643 2501 792 2578 'Ven-
809 2534 962 2583 ψη.
983 2522 1145 2583 viros
1169 2524 1376 2585 eodem
1403 2544 1564 2585 anno
1603 2524 1725 2589 Gn.
1756 2507 2060 2601 Domitius
2094 2524 2537 2587 Ahenobarbus
2558 2528 2908 2597 commovit,

821 2612 870 2645 ¹¹·
891 2597 905 2611 ⁹
986 2617 1082 2678 Μ.
1105 2618 1291 2680 Junio
1311 2618 1545 2695 Silano,
1560 2620 1779 2683 deinde
1802 2623 2057 2704 principi
2071 2630 2309 2683 senatus
2329 2620 2581 2694 Scauro,
2600 2620 2701 2682 die
2718 2622 2905 2685 dicta.

983 2712 1229 2776 Silanus
1262 2718 1488 2796 injussu
1515 2718 1725 2801 populi
1750 2717 1995 2781 collatis
2028 2738 2167 2779 cum
2204 2718 2372 2779 hoste
2398 2719 2655 2780 barbaro
2694 2718 2904 2801 signis,

983 2814 1246 2876 omnium
1269 2834 1422 2896 quas
1442 2814 1665 2877 deinde
1681 2815 1917 2878 Cimbri
1944 2815 2281 2878 intulissent
2296 2808 2565 2877 cladium
2578 2816 2907 2898 praebuisse

980 2930 1222 2973 causam
1269 2914 1647 2995 arguebatur.
1734 2912 1882 2987 Sed,
1906 2934 2249 2995 quanquam
2280 2913 2509 2976 tabella
2530 2913 2609 2975 de
2636 2934 2739 2975 reo
2757 2912 2907 2977 data

919 3000 924 3005 ⁴
979 3017 1130 3079 erat,
1159 3009 1498 3091 plenissime
1525 3009 1837 3072 absolutus
1860 3022 1977 3085 est,
2002 3032 2139 3073 cum
2167 3010 2307 3071 duae
2340 3010 2755 3077 tanmmmodo
2794 3014 2903 3073 tri-

683 3118 792 3171 Cie.
817 3118 932 3173 niv.
980 3106 1095 3166 bus
1114 3104 1325 3186 Sergia
1345 3116 1410 3167 et
1432 3107 1693 3175 Quirina
1718 3110 2035 3171 tristiorem
2060 3110 2413 3171 sententiam
2441 3108 2731 3173 odissent.
2774 3109 2905 3173 Sed

645 3194 697 3233 ⁶·
718 3190 865 3299 ηιξ*
880 3186 934 3236 ³¹¹
979 3200 1134 3263 hanc
1177 3205 1619 3267 accusationem
1669 3204 1973 3267 D'omitius
2026 3206 2405 3287 Egritomaro
2444 3206 2637 3268 Gallo
2678 3208 2906 3289 hospiti

857 3283 872 3299 ’
941 3285 958 3303 ’
981 3308 1231 3378 paterno
1248 3300 1484 3363 dedisse
1509 3300 1751 3377 dicitur,
1780 3304 1943 3386 quod
1982 3324 2121 3367 eum
2160 3302 2402 3365 Silanus
2429 3304 2715 3367 Galliam
2738 3306 2903 3367 obti-

981 3414 1126 3457 nens
1152 3398 1372 3477 injuria
1395 3399 1703 3461 affecerat.
2816 3476 2819 3481 Ι

679 3494 862 3549 mon.
881 3497 936 3549 in
1061 3498 1164 3553 55.
1206 3491 1361 3554 Cum
1389 3494 1619 3557 Scauro
1640 3496 1892 3578 propriae
1918 3494 2137 3557 iramm
2156 3516 2355 3559 cansae
2400 3507 2595 3571 erant,
2630 3498 2737 3561 sed
2761 3501 2903 3562 aliis

984 3590 1178 3670 potior
1203 3599 1267 3651 et
1289 3594 1603 3665 recentior,
1628 3593 1793 3675 quod
1820 3593 1983 3654 illius
2000 3614 2185 3677 opera
2207 3595 2395 3656 alium
2414 3616 2596 3677 quam
2620 3618 2685 3657 se
2704 3600 2766 3659 in
2787 3618 2901 3680 pa»

680 3690 817 3741 Suet.
835 3692 952 3745 Ner.
979 3688 1084 3747 tris
1101 3688 1192 3749 sui
1216 3688 1414 3751 locum
1435 3709 1721 3770 augurem
1744 3700 2091 3773 cooptatum
2106 3692 2284 3753 fuisse
2308 3692 2609 3755 Domitius
2629 3694 2897 3759 dolebat.

647 3790 814 3869 Aacbn
978 3782 1176 3862 Igitur
1199 3788 1458 3866 objecto,
1486 3797 1504 3824 ‘
1531 3808 1705 3851 sacra
1734 3790 1981 3872 publica
2009 3792 2221 3872 populi
2246 3790 2512 3854 Romani
2539 3793 2741 3855 Deum
2767 3794 2899 3855 Pe·

977 3882 1229 3954 natium,
1261 3906 1397 3965 quae
1420 3886 1655 3947 Lavinii
1682 3887 1914 3961 fierent,
1940 3910 2123 3969 opera
2146 3892 2281 3969 ejus
2306 3892 2501 3951 minus
2522 3900 2895 3955 rectecaste·

649 4013 724 4045 vn.
749 4004 800 4047 5,
939 3970 955 3987 ‘
977 3997 1095 4057 que
1122 3978 1274 4053 fieri,
1299 3983 1425 4043 alia
1446 4004 1683 4065 quoque
1728 4006 1901 4049 sacra
1941 3986 2149 4068 populi
2185 3985 2449 4049 Romani
2490 3988 2679 4049 multa
2700 3990 2893 4051 demi-

680 4063 721 4113 C
775 4096 788 4110 ·
809 4078 906 4180 1²⁵⁰·
977 4085 1122 4136 nuta
1159 4079 1332 4151 esse,’
1358 4089 1420 4140 et
1455 4082 1743 4144 mulctam
1786 4085 2101 4163 irrogavit3
2145 4093 2211 4146 et
2242 4104 2475 4146 summa
2514 4088 2892 4149 contentione

719 4197 796 4242 ιι,
977 4190 1142 4235 reum
1181 4177 1514 4258 opprimere
1552 4179 1799 4243 studuit.
1884 4182 2029 4250 Quo
2078 4184 2291 4262 majori
2332 4184 2543 4247 merito
2584 4184 2894 4278 celebrata

643 4206 690 4240 Ο.

646 4256 880 4368 vfflig'sfl'·
975 4272 1107 4350 ejus
1138 4274 1378 4353 justitia
1418 4285 1528 4349 est,
1566 4278 1729 4358 quod
1775 4279 1853 4340 ad
1898 4302 1961 4341 se
2000 4282 2333 4343 venientem
2376 4281 2587 4347 Scauri
2632 4301 2888 4353 servum,

643 4384 756 4436 val.
780 4368 918 4439 Μὶιι.
975 4368 1281 4450 multaque
1317 4374 1442 4435 heri
1467 4376 1717 4438 crimina
1759 4377 2147 4451 deferentem,
2190 4400 2299 4440 nec
2342 4378 2545 4443 audire
2582 4380 2798 4454 voluit,
2824 4390 2891 4439 et
