3225 5242
766 508 973 560 usar
1022 507 1175 558 mv.
1218 486 1872 560 surrhsusnruu.
2217 488 2420 588 ‚⁴080

184 659 391 718 visum.
436 653 595 716 Inde
616 653 923 716 Erisanem
944 649 1161 718 duetus
1180 653 1513 716 exereitus:
1554 673 1746 736 eaque
1773 653 1936 726 urbs,
1949 673 2086 714 cum
2116 649 2330 716 Appias.

186 765 381 839 porus
403 753 781 816 venientibus
802 752 1131 824 cluniset,
1154 753 1437 834 operibus
1456 761 1549 812 est
1570 751 1958 813 circumdata.

262 856 363 910 11.
406 847 573 914 Quae
594 845 743 908 dum
760 845 933 919 fiunt,
960 845 1297 918 Viriathus,
1321 846 1427 928 qui
1450 865 1555 927 per
1577 855 1812 906 noctem
1833 847 1894 907 in
1921 847 2092 928 oppi-
2149 901 2166 908 -

184 945 325 1006 dum
368 944 777 1026 ignorantibus
814 941 1113 1006 Romanis
1145 951 1411 1016 venerat,
1450 963 1590 1004 eum
1628 942 1762 1004 luee
1799 945 2092 1026 erumpit3

184 1065 283 1106 eos
306 1043 417 1125 qui
444 1044 507 1102 in
525 1053 719 1124 opere
740 1050 932 1114 erant,
957 1041 1235 1124 projectis
1274 1040 1537 1104 dolabris
1570 1051 1636 1104 et
1667 1040 1964 1120 ligonibus
1999 1041 2094 1102 fu-

185 1161 319 1221 gam
344 1141 497 1202 inire
520 1141 717 1219 eogitz
760 1147 1021 1202 ceterum
1054 1159 1291 1222 quoque
1326 1139 1655 1202 exereitum
1687 1138 1950 1202 subsidio
1977 1139 2098 1200 suis

184 1239 523 1298 venientem
548 1235 847 1318 profligat.
928 1235 1196 1300 Ventum
1221 1235 1401 1318 plane
1416 1234 1495 1297 ad
1518 1255 1595 1298 ea
1608 1234 1744 1296 loca
1761 1244 1910 1309 erat,
1937 1235 2096 1298 unde

183 1335 449 1398 difficili·
494 1327 787 1396 exercitui
821 1343 1091 1416 receptus
1128 1342 1321 1396 esset:
1383 1333 1544 1417 quod
1588 1331 1841 1395 fortunae
1885 1353 2100 1396 munus

188 1432 529 1505 Viriathus,
556 1439 626 1492 ut
664 1441 795 1492 erat
831 1430 1013 1492 flaturi
1050 1451 1169 1494 nou
1210 1429 1569 1513 improvidus
1600 1431 1941 1502 neumata,
1977 1451 2096 1494 uon

186 1530 455 1590 vietoriae
480 1528 671 1608 magis
712 1527 791 1590 ad
838 1527 1269 1590 incendendum
1294 1527 1519 1589 bellum
1552 1547 1736 1609 quam
1773 1526 2098 1590 finiendum
2153 1519 2298 1596 4³⁰¹·
2319 1517 2382 1567 ‘¹⁶

188 1625 481 1697 valiturae,
526 1623 635 1688 sed
670 1632 969 1706 perpetuus
1010 1625 1174 1706 pacis
1210 1624 1579 1686 occasionem
1625 1623 1821 1685 facere
1865 1623 2098 1687 maluit.
2121 1583 2422 1698 ver-3²:212·-

191 1721 517 1793 Convenit,
540 1730 558 1758 ⁸
588 1729 656 1781 ut
680 1741 801 1803 pax
826 1721 1207 1802 amicitiaque
1232 1720 1455 1803 populo
1490 1719 1774 1782 Romano
1799 1741 1872 1782 ac
1893 1720 2097 1783 Viria·
2121 1713 2425 1779 Porphyrog.

188 1819 291 1880 tho
314 1817 743 1901 lusitanisque
776 1823 969 1881 esset:
1011 1819 1246 1900 utrique
1278 1818 1497 1899 quibus
1533 1818 1597 1878 in
1624 1818 1938 1899 praeseutia
1961 1816 2098 1878 fini·
2120 1777 2254 1894 {2¹⁸
2269 1794 2330 1828 ¹¹⁶
2351 1793 2398 1830 α’

188 1915 315 1986 bus,
344 1915 559 1976 iisdem
583 1917 645 1976 in
671 1923 967 1998 posterum
986 1914 1389 1996 possiderent-⁹
1448 1913 1529 1975 Id
1554 1913 1742 1974 foedus
1759 1933 2096 1996 quanquam
2153 1907 2306 1960 Diffi·

188 2033 397 2092 parum
442 2014 757 2074 honestum
794 2014 1019 2075 nomini
1052 2011 1359 2083 Romano,
1398 2029 1710 2092 rerumque
1747 2011 2035 2072 haetenus
2059 2030 2098 2072 a
2121 1987 2384 2101 {3¹33}st

190 2107 531 2170 serviliano
554 2117 849 2188 gestarum
870 2109 1109 2171 macula
1132 2109 1319 2190 turpis
1336 2109 1674 2180 haberetur,
1699 2126 1740 2168 a
1761 2107 1980 2190 populo
2005 2116 2096 2168 ta-
2123 2115 2340 2180 Appiam

190 2225 319 2268 men
346 2205 537 2268 taedio
558 2203 821 2268 diuturni
844 2205 991 2268 belli
1015 2213 1325 2287 aoeeptum
1343 2213 1455 2266 est.

266 2308 369 2364 12.
414 2301 497 2362 In
522 2323 596 2371 eo
620 2310 777 2362 statu
798 2323 891 2362 res
916 2301 1235 2383 Hispania
1258 2309 1450 2373 erant,
1470 2320 1610 2361 eum
1639 2298 1716 2362 C.
1737 2297 1959 2360 Laelius
1985 2297 2098 2360 Sa·
2123 2305 2227 2357 Jul.
2252 2304 2373 2354 01».

192 2399 375 2479 piens,
406 2399 497 2466 Q.
528 2398 816 2460 Servilius
836 2397 1047 2480 Caepio
1069 2395 1439 2459 consulatum
1464 2397 1742 2458 inivere.·
1824 2395 2105 2475 Prodigii

192 2495 321 2558 loeo
358 2504 491 2556 tum
532 2503 866 2576 acceptum,
906 2494 1069 2576 quod
1116 2493 1342 2554 Siciliae
1384 2513 1556 2554 mons
1579 2493 1766 2554 AEtna
1797 2493 2102 2573 copiosum

192 2593 386 2670 ignem
412 2602 795 2655 evomuerat:
836 2590 1017 2673 idque
1041 2599 1353 2674 postquam
1382 2591 1706 2671 majoribus
1729 2589 1934 2650 hostiis
1950 2608 2100 2669 qua-

189 2687 465 2769 draginta
490 2699 871 2772 procuratum
894 2698 1007 2762 est,
1032 2689 1209 2750 alteri
1244 2688 1555 2749 oonsulum
1589 2686 1831 2750 ulterior
1867 2685 2100 2768 Hispa-

190 2787 289 2846 nia
310 2786 625 2868 provincia
666 2785 944 2848 decreta:
988 2785 1076 2854 Q.
1100 2785 1401 2866 Pompeio
1436 2792 1816 2866 prorogatum
1855 2784 1918 2844 in
1957 2784 2104 2844 cite·

194 2883 339 2943 riore
364 2883 679 2964 imperium
703 2893 829 2944 est:
868 2883 1193 2965 datumque
1226 2881 1595 2942 senatoribus
1616 2878 1973 2962 quibusdam
1997 2899 2100 2940 ne·
2124 2867 2340 2936 APPffi·

195 2982 439 3060 gotium,
468 2990 539 3042 ut
572 3001 793 3042 novum
824 2981 1151 3044 exereitum
1180 2999 1261 3042 ex
1294 2980 1583 3042 tironibus
1603 2979 1998 3059 conscriptum
2025 2976 2104 3040 ad

194 3099 323 3140 eum
370 3079 763 3150 adducerent,
804 3100 929 3160 quo
972 3077 1287 3161 proconsul
1340 3077 1419 3140 ad
1463 3075 1527 3136 id
1572 3075 1820 3148 bellum,
1865 3096 2103 3157 unaque

196 3175 631 3236 consultoribus
654 3176 727 3236 iis
749 3177 857 3256 qui
882 3174 1288 3248 adduxissent,
1318 3182 1597 3235 uteretur.
1679 3173 2016 3254 Postquam
2043 3173 2104 3234 in

196 3274 565 3354 provinciam
592 3271 805 3355 Caepio
830 3273 995 3334 venit
1019 3275 1183 3352 (nam
1207 3272 1345 3350 huie
1370 3271 1611 3332 ulterior
1637 3269 1942 3352 Hispania
1963 3282 2103 3332 eve·
2154 3281 2354 3362 Eut-mp.

199 3374 389 3450 uerat)
432 3371 641 3432 literas
674 3370 753 3431 ad
792 3379 1059 3435 senatum
1093 3369 1169 3430 de
1201 3369 1441 3442 foedere,
1468 3367 1632 3450 quod
1656 3367 1836 3430 frater
1859 3369 1992 3449 ejus
2016 3367 2104 3436 Q.
2127 3345 2344 3414 APP¹⁸¹¹·

198 3467 421 3530 Fabius
445 3488 589 3528 oum
616 3466 898 3530 Viriatho
922 3469 1131 3540 iuerat,
1155 3465 1363 3528 dedit:
1407 3475 1425 3503 ⁶
1456 3466 1760 3546 indignum
1796 3464 1861 3527 id
1890 3465 2106 3544 majes-

194 3575 313 3626 tate
364 3566 655 3648 principis
706 3565 913 3648 populi
962 3563 1191 3626 videri?
1270 3563 1636 3626 Permissum
1685 3571 1774 3635 ut,
1819 3570 2108 3644 quantum

195 3664 635 3726 dissimulanter
667 3662 865 3724 faeere
901 3670 1120 3744 posset,
1162 3659 1445 3723 Viriatho
1488 3669 1748 3722 noceret.
1832 3659 1926 3720 Ut
1967 3678 2109 3720 vero

196 3762 487 3822 rationem
532 3760 705 3821 illam
744 3759 969 3822 nullam
1009 3779 1137 3820 esse
1184 3759 1393 3820 consul
1436 3758 1752 3840 rescripsit,
1791 3776 1930 3838 quaa
1973 3765 2106 3816 tan-

194 3860 443 3922 tundem
466 3858 731 3930 invidiae,
758 3874 939 3938 quam
978 3858 1029 3918 si
1056 3857 1255 3942 palam
1282 3855 1472 3918 foedus
1507 3863 1894 3936 rumperetur,
1920 3849 2107 3914 multo

196 3957 393 4018 miuus
428 3955 875 4018 commodorum
908 3963 1065 4016 esset
1094 3953 1386 4024 allamra3
1429 3952 1724 4014 continuis
1760 3952 1892 4030 ejus
1919 3949 2108 4011 literis

196 4054 525 4136 expugnati
550 4052 775 4114 Patres
800 4072 1009 4134 paoem
1028 4052 1251 4114 irritam
1265 4050 1453 4114 videri
1476 4049 1885 4122 decreverunt,
1910 4048 2108 4110 hostes

198 4161 403 4233 aperto
430 4149 601 4213 bello
626 4149 1021 4232 prosequendi
1046 4157 1399 4232 potestatem
1420 4148 1655 4210 oonsuli
1675 4146 1860 4208 faeta.

746 4382 777 4412 ⁹
810 4381 877 4433 Α.
896 4381 967 4433 U.
991 4381 1051 4433 C.
1071 4385 1189 4432 ⁶12.
1254 4379 1322 4432 Α.
1344 4382 1407 4431 C.
1432 4383 1546 4431 uo.
