3225 5242
789 554 1000 606 mam
1051 554 1356 611 nxvur:
1381 556 1730 609 sunnam
1744 556 2027 609 aaron.
2350 540 2530 611 4365
2586 560 2591 563 ·

289 697 556 777 gerebat.
640 696 868 761 Iisdem
909 699 1176 764 consiliis
1207 721 1370 775 usus,
1405 722 1542 785 quoe
1577 702 1771 784 priore
1803 700 2003 764 servili
2038 700 2203 764 bello

266 792 556 855 'salubria
579 792 663 856 P.
693 792 974 878 Rupillio
1009 794 1188 857 fuisse
1228 806 1499 871 noverat,
1527 806 1891 861 commeatus
1928 798 2203 878 angustia

292 892 553 957 maxime
576 892 893 975 subigebat
919 894 1298 967 hostem,·cui
1339 895 1531 955 omnis
1564 894 1824 977 petenda
1860 915 1937 956 ex
1963 890 2212 956 desertis

292 998 398 1049 aut
423 990 672 1050 vastatis
705 989 932 1050 Siciliae
975 990 1134 1071 agris
1173 1011 1412 1053 annona
1447 1000 1596 1052 erat.
1681 992 1910 1055 consul
1946 992 2209 1073 undique

288 1088 594 1149 subvectis
616 1088 1044 1149 commeatibus
1068 1090 1156 1149 ita
1181 1088 1552 1164 abundabat,
1573 1098 1645 1151 ut
1662 1092 1843 1151 etiam
1869 1090 2207 1153 civitatibus
2264 1102 2374 1155 cic.
2388 1102 2453 1153 de

293 1185 512 1265 paaeim
538 1193 810 1245 mutuum
835 1182 1196 1247 frumentum
1219 1186 1412 1247 daret.
2225 1166 2491 1285 ξξῑὼᾼῑῖ·

373 1289 476 1343 83.
521 1280 647 1343 Sed
671 1282 828 1343 hanc
849 1283 1120 1344 'civitatis
1156 1284 1238 1344 ob
1271 1304 1365 1346 res
1395 1282 1566 1345 laetas
1601 1283 2027 1345 exultationem
2062 1302 2207 1345 con·
2278 1267 2291 1284 ⁶
2372 1265 2393 1285 ⁶

291 1380 461 1440 tinuo
498 1380 844 1462 compressit
883 1380 1144 1442 inusitati
1179 1380 1421 1442 sceleris
1439 1381 1855 1462 .vindictaeque
1889 1381 2093 1443 horror
2145 1383 2205 1443 in

294 1476 584 1561 Publicio
617 1475 936 1549 Malleolo,
975 1476 1080 1558 qui
1133 1478 1320 1539 servis
1372 1477 1799 1558 adjuvantibus
1826 1486 2075 1539 matrem
2112 1480 2204 1541 in·
2226 1478 2339 1533 Liv-
2362 1480 2501 1548 Epit-

293 1580 624 1633 tei-emerat.
708 1568 874 1639 Quo'
899 1572 1142 1634 crimine
1189 1572 1365 1634 simul
1423 1584 1604 1655 atque
1641 1573 1960 1635 damnatus
1988 1584 2102 1648 est,
2136 1596 2206 1637 os
2231 1546 2404 1663 effi?

292 1667 565 1730 folliculo
601 1668 972 1742 obvolutum,
1009 1679 1072 1729 et
1100 1670 1303 1731 -soleae
1353 1670 1566 1750 lig-neae
1624 1669 1877 1751 pedibus
1922 1670 2203 1744 inductae,
2228 1674 2516 1730 Rham-‚ad

293 1772 356 1826 et
403 1766 465 1825 in
501 1785 801 1849 carcerem
835 1764 1055 1826 ductus
1098 1775 1210 1839 est,
1249 1766 1440 1829 donec
1481 1766 1687 1828 culeus
1728 1777 2203 1848 compararetur:
2230 1741 2517 1857 chfdd&

294 1860 353 1921 in
395 1882 582 1941 quem·
609 1861 824 1922 deinde
860 1862 1086 1922 insutus
1123 1864 1298 1925 vivus
1331 1873 1442 1937 est,
1478 1872 1542 1924 et
1580 1864 1641 1924 in
1677 1884 1841 1924 mare
1872 1865 2208 1946 praecipita-
2230 1868 2412 1921 Inmx.
2428 1876 2514 1924 5⁰.

293 1966 408 2018 tus.
494 1956 692 2039 quue
737 1958 1018 2040 supplicii
1064 1980 1251 2039 genus
1294 1959 1574 2041 deinceps
1610 1960 1671 2020 in
1710 1961 2053 2041 parricidio,
2081 1959 2209 2041 lege
2232 1934 2561 2051 Pfflff'ffiek'

291 2052 422 2115 lata
447 2055 739 2116 sancitum
763 2057 1002 2119 mansit.
1061 2054 1234 2117 Nam
1253 2065 1454 2129 antea,
1485 2057 1985 2137 quemadmodum
2013 2058 2209 2119 Athe·
2231 2016 2479 2117 Pan-iim.

294 2152 388 2211 nis
407 2182 412 2189 ·
433 2150 641 2223 Solon,
688 2152 774 2212 sic
813 2153 919 2233 qui
965 2151 1126 2232 leges
1166 2151 1386 2214 Romae
1427 2152 1712 2226 tulerunt,
1755 2174 1959 2237 poenas
1994 2173 2209 2237 ponere
2232 2144 2432 2244 {¹³9⁸
2461 2130 2539 2213 iit.

293 2246 554 2321 crimini,
599 2248 677 2310 de
733 2270 856 2329 quo
898 2249 1050 2310 forte
1098 2269 1208 2311 nec
1253 2251 1620 2330 cogitabant,
1657 2252 1893 2333 insuper
1928 2252 2209 2313 habuere.
2268 2228 2376 2310 ‘Cia
2388 2274 2521 2377 ἢ

297 2342 522 2427 Neque
575 2347 732 2407 enim
780 2356 918 2408 ante
965 2346 1322 2408 Malleolum
1361 2356 1488 2407 tam
1533 2348 1751 2429 impius
1797 2348 2110 2429 quisquam
2150 2348 2210 2408 in
2232 2322 2368 2439 {⁶32}
2520 2358 2540 2378 ·

293 2444 443 2503 urbe
489 2453 755 2525 repertus
793 2464 920 2505 esse
962 2445 1202 2517 dicitur,
1243 2455 1498 2527 excepto
1545 2444 1616 2505 L.
1657 2426 1904 2535 Hostio,
1940 2446 2043 2528 qui
2078 2455 2212 2527 post
2262 2422 2397 2505 Plau·
2418 2452 2549 2505 Ro·-

295 2540 520 2602 bellum
551 2540 876 2603 secundum
903 2543 1208 2605 Punicum
1247 2552 1416 2624 patre
1447 2540 1784 2614 interfecto,
1818 2544 2036 2624 primus
2060 2544 2215 2605 inter
2234 2518 2353 2571 ³¹⁸¹·
2368 2524 2515 2572 “⁴'‘

295 2636 612 2701 Romanos
635 2640 918 2701 teterrimi
945 2638 1228 2701 facinoris
1252 2640 1592 2723 exemplum
1620 2638 1829 2702 edidit.

378 2742 480 2797 84.
521 2734 670 2798 Hoc
695 2744 1023 2829 temporum
1049 2746 1258 2801 tractu,
1273 2739 1484 2799 iterum
1507 2737 1688 2819 Syria
1703 2735 2213 2799 vehementissime
2252 2746 2359 2801 Ην.
2372 2748 2509 2815 Epit-

297 2832 526 2912 aff‘tata
549 2834 724 2895 bellis
748 2845 860 2907 est,
887 2835 1068 2916 q'uam
1095 2856 1270 2919 super
1293 2834 1619 2897 domestica
1644 2855 1847 2915 regum
1868 2833 2213 2906 certamina,

295 2930 558 2992 Judaica
599 2932 783 2992 etiam
823 2942 888 2994 et
925 2932 1216 3015 AEgyptia
1239 2952 1403 2993 arma
1427 2931 1786 3013 fatigabant.
1868 2930 1909 2991 J
1913 2930 2214 2992 udaeorum

295 3030 562 3113 principe
595 3029 892 3110 Hyrcano
917 3040 1170 3102 mortuo,
1205 3028 1365 3091 filius
1397 3038 1544 3091 natu
1570 3028 1866 3109 maximus
1890 3028 2213 3089 Aristobu·
2265 3030 2468 3097 Joseph.

297 3128 390 3188 lus
437 3137 631 3188 sumto
675 3126 1018 3189 diademate
1063 3128 1286 3210 primus
1335 3128 1599 3187 omnium
1650 3135 1789 3208 post
1829 3126 2213 3187 instauratam
2236 3111 2363 3149 ¹¹¹¹·
2384 3102 2469 3151 ¹⁹⁸

295 3225 505 3286 urbem
541 3244 648 3284 rex
689 3224 1051 3306 appellatae,
1093 3224 1198 3285 vix
1249 3222 1564 3303 degmtato
1615 3223 1867 3307 imperio
1913 3243 2212 3283 successo·
2262 3240 2347 3288 πο.
2456 3246 2463 3255 ·

297 3342 422 3382 rem
456 3320 700 3381 fratrem
728 3320 962 3394 habuit,
993 3322 1099 3402 qui
1130 3318 1484 3381 Alexander
1509 3328 1906 3402 cog-nomento
1929 3317 1970 3378 J
1974 3338 2217 3380 annaeus

297 3418 436 3480 fuit.
493 3426 508 3441 “

380 3522 483 3577 85.
529 3513 597 3576 Is
629 3536 768 3577 cum
805 3516 868 3574 in
913 3534 1020 3574 ora
1057 3512 1378 3585 maritima,
1408 3520 1622 3596 praeter
1655 3510 2045 3574 Ptolemaida
2083 3511 2219 3576 Ga·

297 3633 576 3695 zamque,
597 3622 659 3674 et
677 3612 838 3695 quod
865 3620 1153 3694 tyrannus
1176 3608 1379 3672 Turris
1405 3608 1702 3671 Stratonis
1722 3610 1929 3671 Zoilus
1947 3612 2216 3683 tenebat,

298 3712 502 3772 omnia
537 3710 650 3771 sibi
690 3730 896 3792 parere
935 3709 1191 3782 videret,
1231 3706 1556 3790 adjungere
1602 3716 1807 3768 cetera
1855 3709 2124 3789 cupiens,
2178 3728 2219 3771 a

301 3806 708 3868 Ptolemaidis
747 3805 1052 3867 obsidione
1091 3826 1254 3867 orsus
1297 3814 1406 3865 est.
1519 3802 1715 3887 Syriae
1756 3824 1926 3883 reges
1971 3803 2217 3885 Grypus

291 3914 484 3984 atque
539 3903 878 3985 Cyzicenus
918 3902 1232 3975 Antiochi,
1273 3902 1444 3964 velut
1487 3899 1735 3962 athletae
1790 3920 1943 3981 quos
1989 3902 2216 3965 viribus

303 3999 560 4061 defectis
619 3998 873 4059 cedendi
945 3998 1140 4080 pudor
1186 3999 1386 4059 dirimi
1439 4017 1557 4058 non
1611 3996 1779 4069 sinit,
1820 4017 1894 4057 ne
1940 3998 2217 4079 praesidio

303 4110 520 4173 essent,
556 4100 731 4160 rebus
765 4098 995 4169 accisis,
1023 4107 1085 4158 et
1103 4106 1309 4158 mutuo
1344 4104 1506 4157 metu
1540 4096 1918 4157 vetabantur.
1989 4096 2217 4171 Zoilus,

303 4218 650 4280 quanquam
674 4196 902 4258 coactis
925 4196 1112 4279 copiis
1151 4194 1350 4256 omnia
1390 4201 1673 4265 tentaret,
1714 4192 1877 4255 haud
1910 4196 2057 4254 satis
2090 4194 2221 4256 ido-

307 4315 453 4357 nens
476 4294 747 4365 defensor
781 4303 929 4356 erat.
1016 4291 1126 4354 Ad
1168 4290 1572 4355 Ptolemaeum
1597 4288 1969 4363 ssLathurum¹
1994 4290 2222 4372 legato·
