3225 5242
370 1076 2248 1209 SUPPLEMENTUM

1021 1368 1296 1437 LIBRI
1370 1372 1609 1439 LXV.

860 1618 1738 1701 HISTORIARUM

562 1864 683 1953 T.
788 1798 1179 1957 L1v11
1282 1868 2058 1960 PATAVINI.

178 2398 241 2452 1.
290 2392 379 2461 Q.
425 2392 832 2468 METELLUS,
857 2416 994 2458 eum
1038 2396 1099 2457 in
1125 2398 1434 2478 provincia
1458 2394 1567 2481 Sp.
1596 2396 1814 2457 Albini
1851 2417 2094 2478 proeon-
2147 2402 2266 2457 sall.
2283 2402 2346 2455 Ju
2317 2418 2398 2469 u.g
2425 2458 2434 2465 ,

175 2488 333 2549 sulis
374 2494 837 2574 eorruptissimas
908 2495 1432 2574 ignavissimasque
1482 2495 1689 2575 copias
1749 2484 2160 2576 accepisset,⁰·
2114 2473 2266 2520 ⁰··⁴⁴

175 2590 349 2669 prius
370 2599 577 2651 eontra
602 2592 751 2651 vitia
774 2590 1049 2663 miiitum,
1077 2612 1255 2673 quam
1278 2609 1443 2653 arma
1468 2592 1722 2652 hostium
1745 2589 2093 2653 certandum
2148 2584 2223 2633 V·
2225 2585 2259 2635 ¹·
2283 2586 2420 2635 Μῑῐ·

174 2688 296 2746 sibi
346 2689 587 2749 statuit:
647 2687 944 2770 Scipionis
988 2688 1341 2759 imitatione,
1384 2690 1483 2749 cui
1524 2688 1603 2749 nd
1643 2688 2092 2769 Carthaginem,
2118 2654 2319 2764 'ffig

173 2783 399 2845 deinde
432 2787 643 2846 iterum
680 2786 759 2846 ad
800 2786 1219 2859 Numantiam,
1256 2786 1464 2847 eadem
1505 2786 1658 2848 ratio
1686 2786 1900 2849 fuerat.
1983 2778 2416 2893 1d‚str?t.1v.1.

172 2882 366 2954 circo,
393 2882 537 2943 lieet
558 2904 725 2945 mora
748 2885 1116 2946 comitiorum
1156 2885 1527 2945 imminutum
1562 2884 1792 2966 imperii
1824 2886 1916 2945 sui
1941 2894 2089 2945 tem·
2116 2844 2198 2894 ω

174 2999 313 3059 pus,
350 2989 413 3040 et
444 2980 771 3052 civitatem,
810 2980 958 3062 quid
995 2991 1235 3043 acturus
1272 2991 1479 3043 eontra
1512 2980 1555 3041 J
1558 2982 1876 3059 ugurtham
1917 2994 2091 3056 esset,

170 3076 558 3157 impatienter
582 3088 899 3159 expectare
925 3080 1135 3149 sciret:
1165 3078 1313 3139 nihil
1334 3080 1634 3159 antiquius
1653 3079 1884 3152 habuit,
1910 3100 2092 3161 quam

172 3182 243 3234 ut
268 3174 355 3234 ab
374 3178 503 3237 otio
528 3186 591 3236 et
631 3176 879 3237 mollitie
905 3178 1233 3238 exercitum
1272 3175 1351 3237 ad
1385 3179 1735 3258 patientiam
1775 3178 1996 3237 laboris
2029 3186 2094 3239 et

172 3290 450 3351 operum,
476 3281 541 3333 et
562 3270 937 3355 disciplinam
963 3277 1252 3354 majorum
1278 3282 1602 3336 revocaret.

254 3376 323 3431 2.
368 3369 556 3438 Quod
596 3390 737 3431 sane
763 3370 1007 3433 difficile
1034 3373 1358 3453 inceptum,
1384 3392 1575 3452 neque
1601 3372 1794 3433 minus
1819 3371 2087 3444 arduum,

171 3486 361 3548 quam
386 3470 439 3529 si
464 3468 855 3530 validissimos
881 3471 1077 3530 hostes
1108 3472 1167 3531 vi
1207 3469 1501 3550 fregisset,
1525 3490 1599 3530 eo
1623 3478 2087 3561 temperamento
2113 3472 2188 3523 Eu
2191 3482 2266 3523 tro
2236 3491 2316 3539 op.

164 3566 543 3627 comitatiset
554 3586 759 3645 rigoris
772 3566 1089 3627 adexltum
1106 3566 1407 3647 perduxit,
1420 3574 1485 3626 ut
1498 3566 1637 3626 hinc
1649 3586 1884 3646 quoque
1896 3566 2086 3626 virum
2114 3540 2188 3589 ve
2189 3540 2274 3589 ¹¹⁰¹
2281 3542 2417 3589 ¹¹¹⁰

166 3682 231 3721 se
248 3682 533 3741 mag-num
550 3662 815 3743 nullique
836 3660 1043 3725 saeculi
1066 3663 1156 3723 sui
1180 3661 1501 3723 secundum
1515 3664 1893 3744 approbaret.
1923 3662 2090 3723 Ante
2113 3654 2380 3769 3733an
2295 3662 2347 3703 θ*

168 3757 377 3818 omnia
418 3758 633 3831 edixit,
676 3778 751 3819 ne
793 3760 1105 3841 quisquam
1146 3761 1207 3819 in
1246 3759 1457 3819 cestris
1492 3779 1730 3840 panem,
1771 3768 1876 3818 aut
1915 3779 2088 3838 quem
2111 3791 2166 3832 et
2181 3784 2304 3833 pm„
2306 3784 2396 3833 tin

166 3854 361 3915 alium
384 3864 621 3916 coctum
642 3856 845 3917 eibum
869 3856 1191 3917 venderet:
1215 3874 1363 3916 neve
1390 3854 1510 3915 alio
1526 3854 1690 3927 cibo,
1708 3874 1888 3934 quam
1913 3874 2090 3915 carne

167 3974 309 4017 assa
351 3954 593 4016 elixave
628 3955 802 4016 miles
848 3962 1141 4016 uteretur:
1187 3955 1340 4016 lixas
1372 3955 1555 4015 etiam
1580 3952 1816 4035 expulit
1841 3954 2084 4014 castris·
2069 4000 2082 4013 .

166 4051 575 4133 gregariisque
616 4051 927 4124 militibus,
974 4072 1049 4113 ne
1090 4052 1221 4133 quis
1254 4052 1590 4131 jumentum
1632 4068 1982 4129 servumque
2025 4050 2084 4108 in

166 4148 411 4227 agmine
439 4157 548 4209 aut
561 4150 769 4209 eastris
782 4149 1051 4222 haberet,
1079 4146 1407 4209 interdixit.
1477 4146 1700 4208 Cetera
1721 4144 1938 4205 deinde
1959 4154 2086 4206 arte

166 4244 365 4325 magis
388 4264 569 4326 quam
593 4246 657 4305 vi
682 4254 971 4305 eon-ecta.
1056 4242 1488 4325 Frequentibus
1513 4242 1838 4313 itineribus,
1879 4249 1942 4301 et
1963 4250 2084 4301 stn-
2157 4280 2162 4287 -

164 4344 428 4403 tivorum
456 4352 737 4403 accurata
774 4343 1097 4405 munitione
1138 4340 1427 4403 desidiam
1469 4340 1874 4421 expugnavit:
1916 4339 2086 4419 signa

160 4442 361 4520 sequi,
390 4439 623 4502 ordines
647 4462 902 4514 servare,
928 4441 1127 4502 eibum
1156 4450 1216 4501 et
1242 4459 1406 4501 arma
1432 4437 1602 4511 ferre,
1633 4436 1790 4518 quod
1831 4438 1954 4518 ipse
1994 4438 2084 4497 Ιο-
