3225 5242
736 1024 871 1075 Plut-

734 1121 889 1175 Diod.

738 1606 857 1657 San.

740 2081 955 2149 Appiam·

730 2368 763 2403 .-

740 2378 979 2495 'Vnius-‘P

774 2578 971 2629 Cic-ds

642 2644 654 2657 ‘
742 2642 847 2694 off.
868 2658 954 2694 ιιι.
974 2658 1021 2693 c.

740 2712 823 2761 2⁰.

740 2772 859 2824 8211.

745 3749 879 3799 Plut-

742 3816 864 3869 Dlo.

744 4004 865 4105 ὲαι.

1703 578 1772 631 ‘1'-
1822 580 2010 630 [alvu

1004 808 1012 817 ·
1037 746 1179 821 ⁴que
1200 734 1421 786 temere
1430 723 1692 805 jubebat
1710 724 2058 806 quicquam,
2078 720 2240 803 quod
2261 722 2416 783 inter
2434 723 2655 803 primos
2685 724 2807 805 ipae
2839 744 2960 785 nou

1060 833 1477 905 exequeretur.
1540 822 1851 883 Praeterea
1868 822 2246 904 voluptatum
2269 820 2725 902 divitiarumque
2745 822 2962 895 victor,

1061 920 1273 981 eodem
1290 918 1415 982 fere
1433 920 1597 981 victu
1639 920 1949 1002 cultuque,
1985 940 2106 1001 quo
2141 920 2390 999 gregarii
2425 920 2667 990 milites,
2705 920 2960 999 agebat:

1062 1019 1261 1079 nonin
1280 1018 1625 1101 pugnando,
1661 1038 1776 1078 non
1815 1018 1872 1077 in
1911 1036 2088 1099 opere
2128 1018 2400 1077 manibus
2425 1036 2695 1099 parcens.
2779 1016 2968 1076 Unde

1014 1200 1019 1207 ·
1063 1136 1281 1197 magna
1301 1117 1361 1178 in
1382 1115 1551 1176 illum
1572 1124 1700 1176 toto
1721 1116 1992 1175 exercitu
2011 1114 2256 1176 caritas:
2299 1133 2410 1174 nec
2433 1113 2556 1174 alio
2577 1113 2734 1174 duce
2766 1132 2966 1194 prom-

1062 1214 1181 1274 tius
1221 1212 1621 1294 pugnabatur.
1721 1210 2071 1271 Ceterorum
2110 1208 2295 1270 ferme
2331 1206 2660 1288 legatorum
2695 1210 2967 1271 tribuno-

1062 1329 1333 1390 rumque,
1356 1308 1646 1369 militibus
1665 1306 1922 1387 maligne
1943 1305 2303 1389 parentibus,
2327 1308 2519 1366 minus
2535 1326 2832 1387 prosperae
2857 1326 2970 1365 ex-

1060 1404 1395 1487 peditiones
1430 1414 1636 1465 erant:
1702 1403 1966 1465 Marium
2013 1404 2198 1463 enixa
2235 1402 2498 1463 omnium
2538 1402 2761 1473 studia,
2799 1412 2868 1463 et
2909 1402 2970 1462 in

1049 1503 1237 1583 jussis
1254 1500 1545 1563 obeundis
1563 1500 1868 1573 alacritas,
1891 1499 2028 1561 aliis
2047 1518 2224 1582 super
2252 1498 2376 1560 alia
2403 1499 2554 1560 bene
2573 1498 2850 1579 gerendis
2875 1518 2964 1559 re·

1060 1599 1193 1672 bus,
1215 1598 1296 1661 ad
1322 1598 1572 1679 gloriam
1592 1597 1950 1660 extollebat.
2033 1594 2258 1677 Neque
2275 1595 2616 1658 deerat-ille
2657 1616 2762 1677 per
2789 1614 2974 1657 ocea-

1061 1696 1254 1757 siones
1282 1696 1523 1776 indigna
1550 1693 1630 1755 ‹le
1669 1696 2024 1778 imperatore
2053 1694 2256 1775 loqui:
2299 1702 2320 1731 ⁸
2343 1694 2642 1755 bominem
2667 1694 2974 1776 tyrannici

1061 1794 1325 1875 spiritus,
1358 1814 1480 1875 quo
1508 1792 1734 1854 diutius
1771 1812 1910 1855 cum
1951 1792 2198 1873 imperio
2235 1798 2410 1863 esset,
2444 1791 2672 1852 bellum
2711 1792 2974 1852 uthere.

1066 1890 1173 1952 Sic
1192 1884 1499 1952 dimiss‘um
1520 1909 1598 1951 ex
1629 1890 1904 1951 manibus
1929 1888 2326 1969 Jugurtham:
2367 1890 2477 1961 sic,
2514 1908 2652 1950 cum
2685 1886 2822 1949 finis
2859 1888 2976 1948 im-

1062 1988 1203 2070 poni
1249 1988 1413 2050 bello
1451 1997 1668 2071 posset,
1701 1986 1861 2067 fugae
1895 1986 2075 2047 simili
2120 1984 2482 2069 profectione
2519 1986 2852 2047 exercitum
2894 2006 2977 2047 ex

1066 2085 1368 2148 Numidia
1386 2088 1448 2147 in
1468 2086 1832 2169 provinciam
1859 2103 1966 2167 per
1983 2104 2226 2145 causam
2245 2084 2476 2165 hyemis
2499 2084 2778 2165 raptum?
2836 2080 2980 2143 Ne-

1064 2205 1181 2265 que
1214 2183 1292 2245 de
1332 2184 1559 2245 saevitie
1588 2186 1744 2262 ejus,
1775 2182 1936 2263 quod
1969 2184 2028 2242 in
2065 2182 2420 2243 militaribus
2443 2180 2680 2242 delictis
2713 2182 2982 2241 severior

1055 2285 1225 2363 justo
1250 2282 1475 2345 vindex
1494 2288 1671 2354 esset,
1693 2281 1877 2361 virgis
1901 2290 1966 2343 et
1985 2282 2177 2342 securi
2213 2280 2274 2341 in
2303 2281 2600 2363 hospitem
2623 2282 2863 2352 stricta,
2885 2302 2980 2341 re·

1065 2382 1313 2443 ticebat.
1398 2378 1551 2442 Erat
1570 2378 1730 2439 enim
1758 2378 2040 2439 Marius
2021 2378 2264 2459 ingenio
2297 2378 2641 2439 turbulento
2665 2398 2740 2438 ac
2761 2376 2981 2438 sediti-

1067 2498 1194 2551 oso,
1216 2478 1587 2548 ambitiosus,
1608 2484 1862 2549 astutus,
1882 2474 2302 2538 calumniator.

1148 2582 1249 2637 38.
1292 2574 1547 2656 Atque
1532 2594 1601 2648 ns,
1623 2594 1761 2635 cum
1787 2595 1826 2635 a
1846 2584 2103 2657 proetura
2120 2574 2436 2656 septimum
2467 2574 2600 2652 jam
2625 2594 2850 2634 annum
2875 2577 2980 2655 ja·

1066 2674 1307 2745 enimet,
1344 2692 1537 2753 neque
1572 2680 1778 2754 petere
1820 2667 2195 2732 consulatum
2235 2691 2412 2731 ausus
2455 2680 2630 2744 esset,
2679 2670 2758 2733 ad
2791 2694 2984 2755 quem

1069 2768 1249 2849 longo
1262 2770 1397 2849 jam
1422 2778 1694 2851 ternpore
1713 2788 1903 2830 novus
1939 2769 2118 2829 bomo
2143 2787 2316 2829 nemo
2347 2770 2752 2851 aspiraverat3
2795 2772 2984 2832 rebus

1068 2868 1363 2949 prosperis
1394 2865 1611 2937 elatus,
1651 2865 1912 2944 adJicere
1956 2865 2034 2925 ad
2083 2866 2372 2926 altissima
2411 2886 2666 2947 quaeque
2711 2869 2984 2930 animum

1066 2973 1349 3047 coeperat,
1374 2973 1437 3024 et
1456 2963 1624 3044 quod
1655 2984 1694 3023 a
1723 2962 1980 3024 Metello
2011 2962 2466 3045 impediebatur,
2491 2966 2626 3044 ejus
2648 2964 2984 3027 criminati-

1068 3062 1284 3125 onibus
1322 3062 1573 3143 gratiam
1621 3061 1736 3121 sibi
1771 3068 1836 3122 et
1874 3060 2385 3140 suffragationem,
2426 3081 2678 3142 quorum
2713 3072 2984 3144 poterat,

1066 3160 1475 3242 comparabat.
1582 3155 1874 3217 Metellus
1925 3160 2109 3229 enim,
2161 3166 2366 3220 cetera
2405 3160 2496 3219 vir
2539 3161 2832 3239 egregins,
2875 3164 2988 3223 sed

1064 3256 1368 3317 communi
1388 3257 1536 3317 vitio
1564 3249 1898 3316 nobilitatis
1925 3256 2234 3336 superbus,
2254 3266 2318 3317 et
2345 3256 2658 3318 humilium
2687 3256 2988 3320 natalium

1066 3361 1419 3425 contemtor,
1469 3352 1738 3413 Marium
1785 3352 1864 3414 ad
1901 3352 2250 3435 petitionem
2292 3352 2517 3415 dimitti
2551 3355 2989 3437 postulantem,

1067 3451 1242 3532 quasi
1278 3469 1384 3533 per
1414 3450 1742 3511 amicitiam
1767 3460 2095 3521 monuerat,
2137 3459 2156 3488 ‘
2176 3470 2252 3511 ne
2289 3460 2414 3513 tam
2449 3473 2638 3535 prava
2671 3454 2990 3537 inciperet,

1070 3567 1219 3608 neve
1260 3556 1493 3629 peteret
1537 3567 1578 3609 a
1621 3546 1850 3630 populo
1895 3546 2201 3622 Romano,
2250 3550 2414 3630 quod
2443 3553 2584 3630 jure
2625 3556 2990 3631 negat-etur?

1072 3642 1313 3705 Deinde
1337 3646 1556 3727 sepius
1578 3646 1896 3707 instantem
1921 3646 2168 3706 obtentu
2213 3646 2586 3730 publicorum
2613 3652 2992 3728 negotiorum

1070 3752 1336 3804 moratus
1356 3752 1467 3803 est.
1551 3741 1712 3804 Cum
1735 3762 1808 3803 ne
1828 3744 1917 3804 sic
1940 3742 2182 3824 quidem
2215 3744 2524 3825 flagitandi
2555 3744 2733 3808 finem
2756 3748 2996 3811 faceret

1074 3838 1334 3913 Marius,
1378 3841 1577 3902 animo
1610 3842 2058 3902 commotiorem
2102 3841 2326 3905 dixime
2363 3843 2580 3917 ferunt,
2625 3856 2644 3882 ⁸
2665 3844 2832 3907 Satis
2869 3848 2991 3909 tibi

1071 3945 1309 3998 matura
1328 3938 1541 4019 petitio
1568 3940 1708 4011 erit,
1744 3940 1795 3998 si
1831 3959 1970 3999 cum
1998 3940 2114 4001 hoc
2151 3942 2365 4022 petas,’
2403 3952 2640 4005 ostenso
2681 3942 2834 4018 filio,
2875 3948 2991 4025 qui

1070 4043 1199 4095 tum
1221 4036 1399 4116 quasi
1424 4036 1637 4115 viginti
1658 4056 1940 4097 annorum
1967 4036 2316 4101 adolescens
2335 4039 2563 4102 aderat.

1152 4138 1257 4193 80.
1300 4130 1425 4193 Sed
1448 4133 1565 4193 hoc
1586 4134 1804 4214 ipsum,
1827 4154 1966 4195 cum
2003 4136 2396 4219 perscriptum
2428 4138 2490 4199 in
2527 4140 2758 4211 urbem,
2799 4148 2992 4221 atque

1072 4228 1483 4312 pervulgatum
1507 4232 1878 4293 sermonibus
1899 4242 2074 4306 esset,
2097 4253 2453 4316 magnopere
2492 4236 2692 4298 Mario
2717 4238 2945 4319 profuit
2959 4258 2990 4299 “z

1071 4326 1235 4406 quod
1260 4328 1322 4387 in
1348 4326 1457 4387 illo
1480 4348 1544 4387 se
1567 4326 1942 4410 despectum,
1961 4352 2250 4412 suamque
2285 4332 2685 4397 humilitatem
2723 4335 2992 4397 ludibrio

1072 4422 1339 4485 habitam
1384 4424 1634 4487 credens
1677 4426 1954 4509 populus,
2019 4430 2330 4493 intentiore
2369 4430 2572 4495 studio
2615 4442 2990 4496 contemtum
