<?xml version="1.0" encoding="UTF-8"?>
<!DOCTYPE html PUBLIC "-//W3C//DTD XHTML 1.0 Transitional//EN"
    "http://www.w3.org/TR/xhtml1/DTD/xhtml1-transitional.dtd">
<html xmlns="http://www.w3.org/1999/xhtml" xml:lang="en" lang="en">
 <head>
  <title>
</title>
<meta http-equiv="Content-Type" content="text/html;charset=utf-8" />
  <meta name='ocr-system' content='tesseract 3.04.00' />
  <meta name='ocr-capabilities' content='ocr_page ocr_carea ocr_par ocr_line ocrx_word'/>
</head>
<body>
  <div class='ocr_page' id='page_1' title='image "./tliviipatavinih36unkngoog_0311.png"; bbox 0 0 3225 5242; ppageno 0'>
   <div class='ocr_carea' id='block_1_1' title="bbox 732 552 2436 621">
    <p class='ocr_par' dir='ltr' id='par_1_1' title="bbox 732 552 2436 621">
     <span class='ocr_line' id='line_1_1' title="bbox 732 552 2436 621; baseline 0.001 -3"><span class='ocrx_word' id='word_1_1' title='bbox 732 572 938 621; x_wconf 76' lang='lat' dir='ltr'><strong>mem</strong></span> <span class='ocrx_word' id='word_1_2' title='bbox 994 570 1211 619; x_wconf 69' lang='lat' dir='ltr'><strong>nxiv.</strong></span> <span class='ocrx_word' id='word_1_3' title='bbox 1258 570 1607 621; x_wconf 65' lang='lat' dir='ltr'><strong>surenam</strong></span> <span class='ocrx_word' id='word_1_4' title='bbox 1623 570 1913 620; x_wconf 64' lang='lat' dir='ltr'><strong>nurum.</strong></span> <span class='ocrx_word' id='word_1_5' title='bbox 2263 552 2436 621; x_wconf 66' lang='lat'><strong>425⁷</strong></span> 
     </span>
    </p>
   </div>
   <div class='ocr_carea' id='block_1_2' title="bbox 128 712 2438 4085">
    <p class='ocr_par' dir='ltr' id='par_1_2' title="bbox 128 712 2112 991">
     <span class='ocr_line' id='line_1_2' title="bbox 206 712 2107 794; baseline -0.002 -20"><span class='ocrx_word' id='word_1_6' title='bbox 206 716 321 774; x_wconf 87' lang='lat' dir='ltr'><strong>mis</strong></span> <span class='ocrx_word' id='word_1_7' title='bbox 360 716 559 794; x_wconf 84' lang='lat' dir='ltr'><strong>potius</strong></span> <span class='ocrx_word' id='word_1_8' title='bbox 600 732 781 793; x_wconf 86' lang='lat' dir='ltr'><strong>quam</strong></span> <span class='ocrx_word' id='word_1_9' title='bbox 812 714 953 793; x_wconf 85' lang='lat' dir='ltr'><strong>jure</strong></span> <span class='ocrx_word' id='word_1_10' title='bbox 994 712 1347 775; x_wconf 71' lang='lat' dir='ltr'><strong>contendere</strong></span> <span class='ocrx_word' id='word_1_11' title='bbox 1386 712 1618 774; x_wconf 86' lang='lat' dir='ltr'><strong>senatui</strong></span> <span class='ocrx_word' id='word_1_12' title='bbox 1669 732 1786 773; x_wconf 89' lang='lat' dir='ltr'><strong>non</strong></span> <span class='ocrx_word' id='word_1_13' title='bbox 1830 713 2107 794; x_wconf 83' lang='lat' dir='ltr'><strong>placere:</strong></span> 
     </span>
     <span class='ocr_line' id='line_1_3' title="bbox 203 812 2112 893; baseline 0 -22"><span class='ocrx_word' id='word_1_14' title='bbox 203 832 483 892; x_wconf 85' lang='lat' dir='ltr'><strong>eumque,</strong></span> <span class='ocrx_word' id='word_1_15' title='bbox 510 832 613 893; x_wconf 86' lang='lat' dir='ltr'><strong>per</strong></span> <span class='ocrx_word' id='word_1_16' title='bbox 637 831 815 891; x_wconf 89' lang='lat' dir='ltr'><strong>quem</strong></span> <span class='ocrx_word' id='word_1_17' title='bbox 853 812 1107 871; x_wconf 76' lang='lat' dir='ltr'><strong>stetisset</strong></span> <span class='ocrx_word' id='word_1_18' title='bbox 1136 830 1211 871; x_wconf 91' lang='lat' dir='ltr'><strong>ne</strong></span> <span class='ocrx_word' id='word_1_19' title='bbox 1244 831 1410 872; x_wconf 88' lang='lat' dir='ltr'><strong>arma</strong></span> <span class='ocrx_word' id='word_1_20' title='bbox 1440 819 1816 892; x_wconf 76' lang='lat' dir='ltr'><strong>ponerentur,</strong></span> <span class='ocrx_word' id='word_1_21' title='bbox 1841 818 2112 871; x_wconf 70' lang='lat' dir='ltr'><strong>sananim</strong></span> 
     </span>
     <span class='ocr_line' id='line_1_4' title="bbox 128 908 901 991; baseline 0 -20"><span class='ocrx_word' id='word_1_22' title='bbox 128 973 133 979; x_wconf 78' lang='grc'><em>,</em></span> <span class='ocrx_word' id='word_1_23' title='bbox 202 929 315 991; x_wconf 85' lang='lat' dir='ltr'><strong>pro</strong></span> <span class='ocrx_word' id='word_1_24' title='bbox 330 910 499 971; x_wconf 87' lang='lat' dir='ltr'><strong>hoste</strong></span> <span class='ocrx_word' id='word_1_25' title='bbox 522 908 901 971; x_wconf 62' lang='lat' dir='ltr'><strong>habiturum?</strong></span> 
     </span>
    </p>

    <p class='ocr_par' dir='ltr' id='par_1_3' title="bbox 200 1002 2438 2036">
     <span class='ocr_line' id='line_1_5' title="bbox 290 1002 2108 1085; baseline -0.002 -20"><span class='ocrx_word' id='word_1_26' title='bbox 290 1011 389 1065; x_wconf 76' lang='lat'><strong>12.</strong></span> <span class='ocrx_word' id='word_1_27' title='bbox 434 1004 597 1069; x_wconf 74' lang='lat' dir='ltr'><strong>Haec</strong></span> <span class='ocrx_word' id='word_1_28' title='bbox 622 1024 662 1065; x_wconf 90' lang='lat' dir='ltr'><strong>a</strong></span> <span class='ocrx_word' id='word_1_29' title='bbox 684 1004 725 1065; x_wconf 87' lang='lat' dir='ltr'><strong>J</strong></span> <span class='ocrx_word' id='word_1_30' title='bbox 727 1005 993 1083; x_wconf 78' lang='lat' dir='ltr'><strong>ugurthoe</strong></span> <span class='ocrx_word' id='word_1_31' title='bbox 1017 1003 1301 1085; x_wconf 85' lang='lat' dir='ltr'><strong>patronis,</strong></span> <span class='ocrx_word' id='word_1_32' title='bbox 1326 1022 1465 1063; x_wconf 90' lang='lat' dir='ltr'><strong>cum</strong></span> <span class='ocrx_word' id='word_1_33' title='bbox 1490 1004 1680 1081; x_wconf 79' lang='lat' dir='ltr'><strong>magis</strong></span> <span class='ocrx_word' id='word_1_34' title='bbox 1703 1004 1782 1063; x_wconf 92' lang='lat' dir='ltr'><strong>ob</strong></span> <span class='ocrx_word' id='word_1_35' title='bbox 1807 1002 2108 1084; x_wconf 74' lang='lat' dir='ltr'><strong>pecunias,</strong></span> 
     </span>
     <span class='ocr_line' id='line_1_6' title="bbox 202 1093 2242 1183; baseline -0.001 -20"><span class='ocrx_word' id='word_1_36' title='bbox 202 1122 358 1182; x_wconf 81' lang='lat' dir='ltr'><strong>quas</strong></span> <span class='ocrx_word' id='word_1_37' title='bbox 404 1110 759 1183; x_wconf 74' lang='lat' dir='ltr'><strong>acceperant</strong></span> <span class='ocrx_word' id='word_1_38' title='bbox 796 1110 903 1163; x_wconf 86' lang='lat' dir='ltr'><strong>aut</strong></span> <span class='ocrx_word' id='word_1_39' title='bbox 940 1102 1276 1182; x_wconf 74' lang='lat' dir='ltr'><strong>sperabant,</strong></span> <span class='ocrx_word' id='word_1_40' title='bbox 1318 1120 1497 1181; x_wconf 84' lang='lat' dir='ltr'><strong>quam</strong></span> <span class='ocrx_word' id='word_1_41' title='bbox 1549 1099 1676 1161; x_wconf 83' lang='lat' dir='ltr'><strong>ulla</strong></span> <span class='ocrx_word' id='word_1_42' title='bbox 1723 1100 1848 1161; x_wconf 87' lang='lat' dir='ltr'><strong>alia</strong></span> <span class='ocrx_word' id='word_1_43' title='bbox 1893 1098 2112 1161; x_wconf 87' lang='lat' dir='ltr'><strong>idonea</strong></span> <span class='ocrx_word' id='word_1_44' title='bbox 2239 1093 2242 1096; x_wconf 39' lang='lat'>⁵</span> 
     </span>
     <span class='ocr_line' id='line_1_7' title="bbox 200 1197 2110 1285; baseline -0.002 -24"><span class='ocrx_word' id='word_1_45' title='bbox 200 1220 389 1261; x_wconf 85' lang='lat' dir='ltr'><strong>causa</strong></span> <span class='ocrx_word' id='word_1_46' title='bbox 413 1197 747 1261; x_wconf 86' lang='lat' dir='ltr'><strong>dicerentur</strong></span> <span class='ocrx_word' id='word_1_47' title='bbox 767 1220 785 1269; x_wconf 86' lang='grc'><strong>;</strong></span> <span class='ocrx_word' id='word_1_48' title='bbox 831 1198 1061 1285; x_wconf 47' lang='lat' dir='ltr'><strong>sactum·</strong></span> <span class='ocrx_word' id='word_1_49' title='bbox 1080 1206 1192 1269; x_wconf 68' lang='lat' dir='ltr'><strong>oet,</strong></span> <span class='ocrx_word' id='word_1_50' title='bbox 1219 1197 1381 1278; x_wconf 91' lang='lat' dir='ltr'><strong>quod</strong></span> <span class='ocrx_word' id='word_1_51' title='bbox 1404 1217 1561 1279; x_wconf 77' lang='lat' dir='ltr'><strong>saepe</strong></span> <span class='ocrx_word' id='word_1_52' title='bbox 1580 1198 1800 1268; x_wconf 85' lang='lat' dir='ltr'><strong>evenit,</strong></span> <span class='ocrx_word' id='word_1_53' title='bbox 1827 1205 1898 1257; x_wconf 91' lang='lat' dir='ltr'><strong>ut</strong></span> <span class='ocrx_word' id='word_1_54' title='bbox 1914 1199 2110 1279; x_wconf 84' lang='lat' dir='ltr'><strong>priva-</strong></span> 
     </span>
     <span class='ocr_line' id='line_1_8' title="bbox 202 1294 2438 1378; baseline -0.002 -19"><span class='ocrx_word' id='word_1_55' title='bbox 202 1300 281 1359; x_wconf 70' lang='lat' dir='ltr'><strong>t‘n</strong></span> <span class='ocrx_word' id='word_1_56' title='bbox 316 1297 645 1359; x_wconf 86' lang='lat' dir='ltr'><strong>rationibus</strong></span> <span class='ocrx_word' id='word_1_57' title='bbox 688 1298 993 1376; x_wconf 79' lang='lat' dir='ltr'><strong>egregium</strong></span> <span class='ocrx_word' id='word_1_58' title='bbox 1016 1296 1323 1378; x_wconf 85' lang='lat' dir='ltr'><strong>publicum</strong></span> <span class='ocrx_word' id='word_1_59' title='bbox 1362 1294 1618 1357; x_wconf 88' lang='lat' dir='ltr'><strong>cederet.</strong></span> <span class='ocrx_word' id='word_1_60' title='bbox 1703 1294 2000 1374; x_wconf 77' lang='lat' dir='ltr'><strong>Legantur</strong></span> <span class='ocrx_word' id='word_1_61' title='bbox 2023 1303 2112 1355; x_wconf 85' lang='lat' dir='ltr'><strong>ta-</strong></span> <span class='ocrx_word' id='word_1_62' title='bbox 2136 1306 2290 1355; x_wconf 86' lang='lat' dir='ltr'><strong>Diod.</strong></span> <span class='ocrx_word' id='word_1_63' title='bbox 2317 1306 2438 1357; x_wconf 68' lang='lat' dir='ltr'><strong>Suu.</strong></span> 
     </span>
     <span class='ocr_line' id='line_1_9' title="bbox 202 1392 2112 1474; baseline -0.001 -19"><span class='ocrx_word' id='word_1_64' title='bbox 202 1416 338 1455; x_wconf 88' lang='lat' dir='ltr'><strong>men</strong></span> <span class='ocrx_word' id='word_1_65' title='bbox 366 1396 427 1455; x_wconf 88' lang='lat' dir='ltr'><strong>in</strong></span> <span class='ocrx_word' id='word_1_66' title='bbox 452 1394 731 1455; x_wconf 79' lang='lat' dir='ltr'><strong>Africam</strong></span> <span class='ocrx_word' id='word_1_67' title='bbox 762 1414 954 1465; x_wconf 85' lang='lat' dir='ltr'><strong>senes,</strong></span> <span class='ocrx_word' id='word_1_68' title='bbox 980 1414 1207 1455; x_wconf 87' lang='lat' dir='ltr'><strong>summo</strong></span> <span class='ocrx_word' id='word_1_69' title='bbox 1231 1392 1365 1455; x_wconf 92' lang='lat' dir='ltr'><strong>loco</strong></span> <span class='ocrx_word' id='word_1_70' title='bbox 1390 1393 1539 1465; x_wconf 88' lang='lat' dir='ltr'><strong>nati,</strong></span> <span class='ocrx_word' id='word_1_71' title='bbox 1566 1392 1898 1474; x_wconf 79' lang='lat' dir='ltr'><strong>amplisque</strong></span> <span class='ocrx_word' id='word_1_72' title='bbox 1922 1393 2112 1453; x_wconf 90' lang='lat' dir='ltr'><strong>hono-</strong></span> 
     </span>
     <span class='ocr_line' id='line_1_10' title="bbox 204 1488 2112 1572; baseline 0.001 -21"><span class='ocrx_word' id='word_1_73' title='bbox 204 1494 371 1553; x_wconf 80' lang='lat' dir='ltr'><strong>ribus</strong></span> <span class='ocrx_word' id='word_1_74' title='bbox 404 1494 531 1551; x_wconf 81' lang='lat' dir='ltr'><strong>usi:</strong></span> <span class='ocrx_word' id='word_1_75' title='bbox 574 1511 821 1572; x_wconf 88' lang='lat' dir='ltr'><strong>quorum</strong></span> <span class='ocrx_word' id='word_1_76' title='bbox 864 1501 930 1553; x_wconf 86' lang='lat' dir='ltr'><strong>et</strong></span> <span class='ocrx_word' id='word_1_77' title='bbox 970 1490 1064 1553; x_wconf 82' lang='lat' dir='ltr'><strong>M.</strong></span> <span class='ocrx_word' id='word_1_78' title='bbox 1090 1490 1369 1552; x_wconf 86' lang='lat' dir='ltr'><strong>AEmilius</strong></span> <span class='ocrx_word' id='word_1_79' title='bbox 1411 1488 1676 1553; x_wconf 86' lang='lat' dir='ltr'><strong>Scaurus</strong></span> <span class='ocrx_word' id='word_1_80' title='bbox 1713 1490 1852 1561; x_wconf 84' lang='lat' dir='ltr'><strong>fuit,</strong></span> <span class='ocrx_word' id='word_1_81' title='bbox 1887 1489 1965 1549; x_wconf 94' lang='lat' dir='ltr'><strong>de</strong></span> <span class='ocrx_word' id='word_1_82' title='bbox 1990 1510 2112 1570; x_wconf 86' lang='lat' dir='ltr'><strong>quo</strong></span> 
     </span>
     <span class='ocr_line' id='line_1_11' title="bbox 202 1585 2174 1669; baseline -0.002 -20"><span class='ocrx_word' id='word_1_83' title='bbox 202 1609 383 1669; x_wconf 87' lang='lat' dir='ltr'><strong>supra</strong></span> <span class='ocrx_word' id='word_1_84' title='bbox 396 1590 867 1649; x_wconf 77' lang='lat' dir='ltr'><strong>memoravimus.</strong></span> <span class='ocrx_word' id='word_1_85' title='bbox 950 1586 1047 1648; x_wconf 90' lang='lat' dir='ltr'><strong>Hi</strong></span> <span class='ocrx_word' id='word_1_86' title='bbox 1066 1588 1337 1669; x_wconf 86' lang='lat' dir='ltr'><strong>precibus</strong></span> <span class='ocrx_word' id='word_1_87' title='bbox 1362 1585 1792 1658; x_wconf 85' lang='lat' dir='ltr'><strong>Numidarum,</strong></span> <span class='ocrx_word' id='word_1_88' title='bbox 1818 1594 1882 1646; x_wconf 86' lang='lat' dir='ltr'><strong>et</strong></span> <span class='ocrx_word' id='word_1_89' title='bbox 1907 1585 2112 1668; x_wconf 89' lang='lat' dir='ltr'><strong>populi</strong></span> <span class='ocrx_word' id='word_1_90' title='bbox 2171 1645 2174 1653; x_wconf 80' lang='grc'><strong>,</strong></span> 
     </span>
     <span class='ocr_line' id='line_1_12' title="bbox 201 1682 2112 1765; baseline -0.002 -19"><span class='ocrx_word' id='word_1_91' title='bbox 201 1686 565 1747; x_wconf 76' lang='lat' dir='ltr'><strong>sermonibus</strong></span> <span class='ocrx_word' id='word_1_92' title='bbox 588 1685 758 1757; x_wconf 87' lang='lat' dir='ltr'><strong>moti,</strong></span> <span class='ocrx_word' id='word_1_93' title='bbox 778 1684 1115 1765; x_wconf 84' lang='lat' dir='ltr'><strong>proximum</strong></span> <span class='ocrx_word' id='word_1_94' title='bbox 1138 1684 1295 1745; x_wconf 89' lang='lat' dir='ltr'><strong>intra</strong></span> <span class='ocrx_word' id='word_1_95' title='bbox 1309 1682 1569 1745; x_wconf 84' lang='lat' dir='ltr'><strong>triduum</strong></span> <span class='ocrx_word' id='word_1_96' title='bbox 1592 1702 1810 1744; x_wconf 81' lang='lat' dir='ltr'><strong>navem</strong></span> <span class='ocrx_word' id='word_1_97' title='bbox 1830 1698 2112 1745; x_wconf 76' lang='lat' dir='ltr'><strong>conscen-</strong></span> 
     </span>
     <span class='ocr_line' id='line_1_13' title="bbox 201 1778 2111 1863; baseline -0.003 -20"><span class='ocrx_word' id='word_1_98' title='bbox 201 1782 457 1851; x_wconf 72' lang='lat' dir='ltr'><strong>derunt:</strong></span> <span class='ocrx_word' id='word_1_99' title='bbox 502 1782 823 1863; x_wconf 83' lang='lat' dir='ltr'><strong>paucisque</strong></span> <span class='ocrx_word' id='word_1_100' title='bbox 860 1780 1070 1843; x_wconf 87' lang='lat' dir='ltr'><strong>diebus</strong></span> <span class='ocrx_word' id='word_1_101' title='bbox 1108 1780 1426 1841; x_wconf 77' lang='lat' dir='ltr'><strong>transvecti</strong></span> <span class='ocrx_word' id='word_1_102' title='bbox 1464 1778 1741 1851; x_wconf 84' lang='lat' dir='ltr'><strong>Uticam,</strong></span> <span class='ocrx_word' id='word_1_103' title='bbox 1776 1778 1978 1839; x_wconf 79' lang='lat' dir='ltr'><strong>literas</strong></span> <span class='ocrx_word' id='word_1_104' title='bbox 1999 1780 2111 1839; x_wconf 74' lang='lat' dir='ltr'><strong>mi·</strong></span> 
     </span>
     <span class='ocr_line' id='line_1_14' title="bbox 201 1876 2112 1959; baseline -0.001 -20"><span class='ocrx_word' id='word_1_105' title='bbox 201 1888 405 1939; x_wconf 87' lang='lat' dir='ltr'><strong>serunt</strong></span> <span class='ocrx_word' id='word_1_106' title='bbox 430 1878 511 1939; x_wconf 90' lang='lat' dir='ltr'><strong>ad</strong></span> <span class='ocrx_word' id='word_1_107' title='bbox 545 1876 585 1938; x_wconf 83' lang='lat' dir='ltr'><strong>J</strong></span> <span class='ocrx_word' id='word_1_108' title='bbox 590 1879 924 1957; x_wconf 80' lang='lat' dir='ltr'><strong>ugurtham,</strong></span> <span class='ocrx_word' id='word_1_109' title='bbox 961 1886 1231 1959; x_wconf 86' lang='lat' dir='ltr'><strong>petentes</strong></span> <span class='ocrx_word' id='word_1_110' title='bbox 1252 1876 1339 1938; x_wconf 88' lang='lat' dir='ltr'><strong>uti</strong></span> <span class='ocrx_word' id='word_1_111' title='bbox 1356 1896 1537 1958; x_wconf 88' lang='lat' dir='ltr'><strong>quam</strong></span> <span class='ocrx_word' id='word_1_112' title='bbox 1561 1876 1864 1937; x_wconf 85' lang='lat' dir='ltr'><strong>celerrime</strong></span> <span class='ocrx_word' id='word_1_113' title='bbox 1888 1876 1949 1935; x_wconf 89' lang='lat' dir='ltr'><strong>in</strong></span> <span class='ocrx_word' id='word_1_114' title='bbox 1975 1896 2112 1958; x_wconf 88' lang='lat' dir='ltr'><strong>pro·-</strong></span> 
     </span>
     <span class='ocr_line' id='line_1_15' title="bbox 203 1973 1904 2036; baseline -0.002 -1"><span class='ocrx_word' id='word_1_115' title='bbox 203 1976 469 2036; x_wconf 76' lang='lat' dir='ltr'><strong>vinciam</strong></span> <span class='ocrx_word' id='word_1_116' title='bbox 493 1973 839 2035; x_wconf 82' lang='lat' dir='ltr'><strong>accederet:</strong></span> <span class='ocrx_word' id='word_1_117' title='bbox 880 1995 943 2035; x_wconf 83' lang='lat' dir='ltr'><strong>se</strong></span> <span class='ocrx_word' id='word_1_118' title='bbox 966 1973 1046 2035; x_wconf 89' lang='lat' dir='ltr'><strong>ad</strong></span> <span class='ocrx_word' id='word_1_119' title='bbox 1072 1994 1207 2035; x_wconf 88' lang='lat' dir='ltr'><strong>eum</strong></span> <span class='ocrx_word' id='word_1_120' title='bbox 1232 1992 1273 2034; x_wconf 87' lang='lat' dir='ltr'><strong>a</strong></span> <span class='ocrx_word' id='word_1_121' title='bbox 1298 1980 1505 2035; x_wconf 87' lang='lat' dir='ltr'><strong>senatu</strong></span> <span class='ocrx_word' id='word_1_122' title='bbox 1528 1973 1738 2033; x_wconf 82' lang='lat' dir='ltr'><strong>missos</strong></span> <span class='ocrx_word' id='word_1_123' title='bbox 1756 1992 1904 2033; x_wconf 85' lang='lat' dir='ltr'><strong>esse.</strong></span> 
     </span>
    </p>

    <p class='ocr_par' dir='ltr' id='par_1_4' title="bbox 199 2068 2208 3413">
     <span class='ocr_line' id='line_1_16' title="bbox 282 2068 2120 2152; baseline -0.001 -21"><span class='ocrx_word' id='word_1_124' title='bbox 282 2078 389 2131; x_wconf 82' lang='lat'><strong>13.</strong></span> <span class='ocrx_word' id='word_1_125' title='bbox 430 2070 787 2149; x_wconf 79' lang='lat' dir='ltr'><strong>Jugurtham</strong></span> <span class='ocrx_word' id='word_1_126' title='bbox 832 2078 1165 2152; x_wconf 79' lang='lat' dir='ltr'><strong>pugnantes</strong></span> <span class='ocrx_word' id='word_1_127' title='bbox 1204 2070 1457 2129; x_wconf 80' lang='lat' dir='ltr'><strong>invicem</strong></span> <span class='ocrx_word' id='word_1_128' title='bbox 1507 2068 1779 2140; x_wconf 83' lang='lat' dir='ltr'><strong>affectus,</strong></span> <span class='ocrx_word' id='word_1_129' title='bbox 1823 2068 2000 2129; x_wconf 83' lang='lat' dir='ltr'><strong>tim&#39;or</strong></span> <span class='ocrx_word' id='word_1_130' title='bbox 2047 2077 2120 2151; x_wconf 47' lang='lat' dir='ltr'><strong>et,</strong></span> 
     </span>
     <span class='ocr_line' id='line_1_17' title="bbox 201 2163 2110 2249; baseline -0.003 -18"><span class='ocrx_word' id='word_1_131' title='bbox 201 2168 523 2249; x_wconf 75' lang='lat' dir='ltr'><strong>cupiditas,</strong></span> <span class='ocrx_word' id='word_1_132' title='bbox 568 2168 853 2227; x_wconf 88' lang='lat' dir='ltr'><strong>incertum</strong></span> <span class='ocrx_word' id='word_1_133' title='bbox 894 2165 1125 2227; x_wconf 78' lang='lat' dir='ltr'><strong>consilii</strong></span> <span class='ocrx_word' id='word_1_134' title='bbox 1164 2166 1490 2227; x_wconf 85' lang='lat' dir='ltr'><strong>faciebant.</strong></span> <span class='ocrx_word' id='word_1_135' title='bbox 1572 2165 1722 2227; x_wconf 88' lang='lat' dir='ltr'><strong>Vim</strong></span> <span class='ocrx_word' id='word_1_136' title='bbox 1768 2163 2110 2249; x_wconf 81' lang='lat' dir='ltr'><strong>Romanam</strong></span> 
     </span>
     <span class='ocr_line' id='line_1_18' title="bbox 202 2261 2109 2345; baseline -0.002 -20"><span class='ocrx_word' id='word_1_137' title='bbox 202 2265 531 2336; x_wconf 84' lang='lat' dir='ltr'><strong>metuebat,</strong></span> <span class='ocrx_word' id='word_1_138' title='bbox 556 2265 669 2325; x_wconf 84' lang='lat' dir='ltr'><strong>nisi</strong></span> <span class='ocrx_word' id='word_1_139' title='bbox 698 2264 908 2343; x_wconf 78' lang='lat' dir='ltr'><strong>legatis</strong></span> <span class='ocrx_word' id='word_1_140' title='bbox 931 2263 1251 2345; x_wconf 82' lang='lat' dir='ltr'><strong>paruisset:</strong></span> <span class='ocrx_word' id='word_1_141' title='bbox 1292 2264 1547 2325; x_wconf 80' lang='lat' dir='ltr'><strong>vicissim</strong></span> <span class='ocrx_word' id='word_1_142' title='bbox 1584 2261 1980 2324; x_wconf 83' lang='lat' dir='ltr'><strong>inflammatus</strong></span> <span class='ocrx_word' id='word_1_143' title='bbox 2003 2282 2109 2323; x_wconf 89' lang='lat' dir='ltr'><strong>cu·-</strong></span> 
     </span>
     <span class='ocr_line' id='line_1_19' title="bbox 202 2359 2111 2445; baseline -0.002 -24"><span class='ocrx_word' id='word_1_144' title='bbox 202 2360 431 2442; x_wconf 86' lang='lat' dir='ltr'><strong>pidine,</strong></span> <span class='ocrx_word' id='word_1_145' title='bbox 456 2371 695 2433; x_wconf 67' lang='lat' dir='ltr'><strong>mulcta,</strong></span> <span class='ocrx_word' id='word_1_146' title='bbox 720 2362 865 2423; x_wconf 88' lang='lat' dir='ltr'><strong>dum</strong></span> <span class='ocrx_word' id='word_1_147' title='bbox 892 2362 1091 2421; x_wconf 88' lang='lat' dir='ltr'><strong>animo</strong></span> <span class='ocrx_word' id='word_1_148' title='bbox 1114 2362 1554 2445; x_wconf 82' lang='lat' dir='ltr'><strong>obsequeretur,</strong></span> <span class='ocrx_word' id='word_1_149' title='bbox 1581 2359 1808 2421; x_wconf 84' lang='lat' dir='ltr'><strong>leviora</strong></span> <span class='ocrx_word' id='word_1_150' title='bbox 1830 2359 2111 2421; x_wconf 85' lang='lat' dir='ltr'><strong>ducebat.</strong></span> 
     </span>
     <span class='ocr_line' id='line_1_20' title="bbox 205 2456 2178 2540; baseline -0.001 -23"><span class='ocrx_word' id='word_1_151' title='bbox 205 2458 405 2540; x_wconf 75' lang='lat' dir='ltr'><strong>Igimr</strong></span> <span class='ocrx_word' id='word_1_152' title='bbox 426 2460 479 2520; x_wconf 89' lang='lat' dir='ltr'><strong>si</strong></span> <span class='ocrx_word' id='word_1_153' title='bbox 499 2459 913 2520; x_wconf 86' lang='lat' dir='ltr'><strong>Adherbalem</strong></span> <span class='ocrx_word' id='word_1_154' title='bbox 936 2458 1345 2531; x_wconf 80' lang='lat' dir='ltr'><strong>interfecisset,</strong></span> <span class='ocrx_word' id='word_1_155' title='bbox 1358 2460 1699 2540; x_wconf 79' lang='lat' dir='ltr'><strong>priusquam</strong></span> <span class='ocrx_word' id='word_1_156' title='bbox 1719 2456 2002 2519; x_wconf 86' lang='lat' dir='ltr'><strong>mandata</strong></span> <span class='ocrx_word' id='word_1_157' title='bbox 2019 2478 2112 2517; x_wconf 86' lang='lat' dir='ltr'><strong>se-</strong></span> <span class='ocrx_word' id='word_1_158' title='bbox 2167 2508 2178 2515; x_wconf 84' lang='lat'><strong>.</strong></span> 
     </span>
     <span class='ocr_line' id='line_1_21' title="bbox 202 2554 2114 2638; baseline -0.001 -23"><span class='ocrx_word' id='word_1_159' title='bbox 202 2566 381 2619; x_wconf 86' lang='lat' dir='ltr'><strong>natus</strong></span> <span class='ocrx_word' id='word_1_160' title='bbox 422 2564 876 2638; x_wconf 85' lang='lat' dir='ltr'><strong>exponerentur,</strong></span> <span class='ocrx_word' id='word_1_161' title='bbox 927 2556 1161 2617; x_wconf 84' lang='lat' dir='ltr'><strong>veniam</strong></span> <span class='ocrx_word' id='word_1_162' title='bbox 1198 2556 1583 2617; x_wconf 78' lang='lat' dir='ltr'><strong>admissorum</strong></span> <span class='ocrx_word' id='word_1_163' title='bbox 1622 2556 1880 2637; x_wconf 59' lang='lat' dir='ltr'><strong>pecuina</strong></span> <span class='ocrx_word' id='word_1_164' title='bbox 1893 2554 2114 2615; x_wconf 79' lang='lat' dir='ltr'><strong>redimi</strong></span> 
     </span>
     <span class='ocr_line' id='line_1_22' title="bbox 203 2652 2117 2735; baseline -0.001 -20"><span class='ocrx_word' id='word_1_165' title='bbox 203 2674 377 2733; x_wconf 83' lang='lat' dir='ltr'><strong>posse</strong></span> <span class='ocrx_word' id='word_1_166' title='bbox 404 2674 677 2735; x_wconf 85' lang='lat' dir='ltr'><strong>sperans;</strong></span> <span class='ocrx_word' id='word_1_167' title='bbox 720 2674 943 2715; x_wconf 85' lang='lat' dir='ltr'><strong>corona</strong></span> <span class='ocrx_word' id='word_1_168' title='bbox 958 2654 1164 2717; x_wconf 89' lang='lat' dir='ltr'><strong>urbem</strong></span> <span class='ocrx_word' id='word_1_169' title='bbox 1178 2653 1609 2715; x_wconf 85' lang='lat' dir='ltr'><strong>circumdatam</strong></span> <span class='ocrx_word' id='word_1_170' title='bbox 1629 2652 1870 2714; x_wconf 87' lang='lat' dir='ltr'><strong>summis</strong></span> <span class='ocrx_word' id='word_1_171' title='bbox 1890 2653 2117 2713; x_wconf 76' lang='lat' dir='ltr'><strong>viribus</strong></span> 
     </span>
     <span class='ocr_line' id='line_1_23' title="bbox 200 2750 2116 2836; baseline 0 -25"><span class='ocrx_word' id='word_1_172' title='bbox 200 2760 529 2834; x_wconf 82' lang='lat' dir='ltr'><strong>oppugnat.</strong></span> <span class='ocrx_word' id='word_1_173' title='bbox 616 2750 739 2811; x_wconf 87' lang='lat' dir='ltr'><strong>Sed</strong></span> <span class='ocrx_word' id='word_1_174' title='bbox 774 2752 995 2813; x_wconf 78' lang='lat' dir='ltr'><strong>virtute</strong></span> <span class='ocrx_word' id='word_1_175' title='bbox 1034 2750 1383 2813; x_wconf 84' lang='lat' dir='ltr'><strong>Italicorum</strong></span> <span class='ocrx_word' id='word_1_176' title='bbox 1413 2752 1688 2831; x_wconf 82' lang='lat' dir='ltr'><strong>rejectus,</strong></span> <span class='ocrx_word' id='word_1_177' title='bbox 1721 2750 2116 2836; x_wconf 62' lang='lat' dir='ltr'><strong>cumtrahere</strong></span> 
     </span>
     <span class='ocr_line' id='line_1_24' title="bbox 201 2848 2114 2931; baseline -0.001 -22"><span class='ocrx_word' id='word_1_178' title='bbox 201 2856 437 2931; x_wconf 88' lang='lat' dir='ltr'><strong>tempus</strong></span> <span class='ocrx_word' id='word_1_179' title='bbox 462 2868 577 2909; x_wconf 88' lang='lat' dir='ltr'><strong>non</strong></span> <span class='ocrx_word' id='word_1_180' title='bbox 604 2848 873 2922; x_wconf 88' lang='lat' dir='ltr'><strong>auderet,</strong></span> <span class='ocrx_word' id='word_1_181' title='bbox 898 2868 974 2909; x_wconf 90' lang='lat' dir='ltr'><strong>ne</strong></span> <span class='ocrx_word' id='word_1_182' title='bbox 996 2868 1221 2909; x_wconf 87' lang='lat' dir='ltr'><strong>moram</strong></span> <span class='ocrx_word' id='word_1_183' title='bbox 1256 2848 1463 2929; x_wconf 74' lang='lat' dir='ltr'><strong>legati,</strong></span> <span class='ocrx_word' id='word_1_184' title='bbox 1500 2857 1583 2920; x_wconf 91' lang='lat' dir='ltr'><strong>et,</strong></span> <span class='ocrx_word' id='word_1_185' title='bbox 1621 2868 1798 2928; x_wconf 89' lang='lat' dir='ltr'><strong>quem</strong></span> <span class='ocrx_word' id='word_1_186' title='bbox 1839 2867 1960 2928; x_wconf 79' lang='lat' dir='ltr'><strong>prae</strong></span> <span class='ocrx_word' id='word_1_187' title='bbox 1987 2867 2114 2909; x_wconf 85' lang='lat' dir='ltr'><strong>om·-</strong></span> 
     </span>
     <span class='ocr_line' id='line_1_25' title="bbox 201 2944 2112 3033; baseline -0.001 -28"><span class='ocrx_word' id='word_1_188' title='bbox 201 2946 381 3007; x_wconf 86' lang='lat' dir='ltr'><strong>nibus</strong></span> <span class='ocrx_word' id='word_1_189' title='bbox 422 2947 747 3033; x_wconf 79' lang='lat' dir='ltr'><strong>metuebat,</strong></span> <span class='ocrx_word' id='word_1_190' title='bbox 782 2944 1064 3020; x_wconf 83' lang='lat' dir='ltr'><strong>Scaurus,</strong></span> <span class='ocrx_word' id='word_1_191' title='bbox 1103 2966 1209 3030; x_wconf 86' lang='lat' dir='ltr'><strong>pro</strong></span> <span class='ocrx_word' id='word_1_192' title='bbox 1246 2945 1624 3008; x_wconf 83' lang='lat' dir='ltr'><strong>contumacia</strong></span> <span class='ocrx_word' id='word_1_193' title='bbox 1661 2946 2112 3026; x_wconf 85' lang='lat' dir='ltr'><strong>interpretaren-</strong></span> 
     </span>
     <span class='ocr_line' id='line_1_26' title="bbox 200 3041 2118 3126; baseline 0 -25"><span class='ocrx_word' id='word_1_194' title='bbox 200 3052 345 3111; x_wconf 82' lang='lat' dir='ltr'><strong>tur;</strong></span> <span class='ocrx_word' id='word_1_195' title='bbox 410 3062 550 3103; x_wconf 90' lang='lat' dir='ltr'><strong>cum</strong></span> <span class='ocrx_word' id='word_1_196' title='bbox 592 3043 799 3123; x_wconf 85' lang='lat' dir='ltr'><strong>paucis</strong></span> <span class='ocrx_word' id='word_1_197' title='bbox 848 3044 1149 3123; x_wconf 87' lang='lat' dir='ltr'><strong>equitibus</strong></span> <span class='ocrx_word' id='word_1_198' title='bbox 1187 3044 1249 3104; x_wconf 87' lang='lat' dir='ltr'><strong>in</strong></span> <span class='ocrx_word' id='word_1_199' title='bbox 1288 3044 1658 3126; x_wconf 80' lang='lat' dir='ltr'><strong>provinciam</strong></span> <span class='ocrx_word' id='word_1_200' title='bbox 1689 3042 1874 3102; x_wconf 81' lang='lat' dir='ltr'><strong>venit.</strong></span> <span class='ocrx_word' id='word_1_201' title='bbox 1957 3041 2118 3102; x_wconf 81' lang='lat' dir='ltr'><strong>Post</strong></span> 
     </span>
     <span class='ocr_line' id='line_1_27' title="bbox 200 3138 2208 3220; baseline -0.001 -21"><span class='ocrx_word' id='word_1_202' title='bbox 200 3160 403 3199; x_wconf 86' lang='lat' dir='ltr'><strong>acrem</strong></span> <span class='ocrx_word' id='word_1_203' title='bbox 448 3140 885 3200; x_wconf 76' lang='lat' dir='ltr'><strong>contentionem</strong></span> <span class='ocrx_word' id='word_1_204' title='bbox 924 3141 1259 3210; x_wconf 80' lang='lat' dir='ltr'><strong>verborum,</strong></span> <span class='ocrx_word' id='word_1_205' title='bbox 1306 3159 1648 3220; x_wconf 87' lang='lat' dir='ltr'><strong>quanquam</strong></span> <span class='ocrx_word' id='word_1_206' title='bbox 1687 3158 1898 3217; x_wconf 76' lang='lat' dir='ltr'><strong>graves</strong></span> <span class='ocrx_word' id='word_1_207' title='bbox 1938 3138 2114 3197; x_wconf 80' lang='lat' dir='ltr'><strong>minae</strong></span> <span class='ocrx_word' id='word_1_208' title='bbox 2197 3145 2208 3157; x_wconf 96' lang='grc'><em>“</em></span> 
     </span>
     <span class='ocr_line' id='line_1_28' title="bbox 199 3234 2112 3311; baseline 0 -16"><span class='ocrx_word' id='word_1_209' title='bbox 199 3244 451 3311; x_wconf 74' lang='lat' dir='ltr'><strong>senatus</strong></span> <span class='ocrx_word' id='word_1_210' title='bbox 480 3236 735 3307; x_wconf 87' lang='lat' dir='ltr'><strong>nomine,</strong></span> <span class='ocrx_word' id='word_1_211' title='bbox 780 3238 843 3295; x_wconf 88' lang='lat' dir='ltr'><strong>ni</strong></span> <span class='ocrx_word' id='word_1_212' title='bbox 875 3237 1175 3297; x_wconf 84' lang='lat' dir='ltr'><strong>omitteret</strong></span> <span class='ocrx_word' id='word_1_213' title='bbox 1204 3235 1641 3307; x_wconf 82' lang='lat' dir='ltr'><strong>Adherbalem,</strong></span> <span class='ocrx_word' id='word_1_214' title='bbox 1677 3234 2112 3295; x_wconf 85' lang='lat' dir='ltr'><strong>denuntiaban-</strong></span> 
     </span>
     <span class='ocr_line' id='line_1_29' title="bbox 204 3331 1844 3413; baseline 0 -22"><span class='ocrx_word' id='word_1_215' title='bbox 204 3342 341 3401; x_wconf 85' lang='lat' dir='ltr'><strong>tur;</strong></span> <span class='ocrx_word' id='word_1_216' title='bbox 388 3332 521 3393; x_wconf 73' lang='lat' dir='ltr'><strong>haec</strong></span> <span class='ocrx_word' id='word_1_217' title='bbox 546 3350 785 3412; x_wconf 89' lang='lat' dir='ltr'><strong>quoque</strong></span> <span class='ocrx_word' id='word_1_218' title='bbox 806 3332 1035 3411; x_wconf 75' lang='lat' dir='ltr'><strong>legatio</strong></span> <span class='ocrx_word' id='word_1_219' title='bbox 1060 3332 1185 3413; x_wconf 82' lang='lat' dir='ltr'><strong>siue</strong></span> <span class='ocrx_word' id='word_1_220' title='bbox 1208 3332 1426 3393; x_wconf 81' lang='lat' dir='ltr'><strong>effectu</strong></span> <span class='ocrx_word' id='word_1_221' title='bbox 1452 3331 1714 3411; x_wconf 78' lang='lat' dir='ltr'><strong>digressa</strong></span> <span class='ocrx_word' id='word_1_222' title='bbox 1735 3338 1844 3391; x_wconf 85' lang='lat' dir='ltr'><strong>est.</strong></span> 
     </span>
    </p>

    <p class='ocr_par' dir='ltr' id='par_1_5' title="bbox 194 3424 2116 4085">
     <span class='ocr_line' id='line_1_30' title="bbox 284 3424 2114 3507; baseline -0.001 -19"><span class='ocrx_word' id='word_1_223' title='bbox 284 3435 389 3489; x_wconf 81' lang='grc'><strong>14.</strong></span> <span class='ocrx_word' id='word_1_224' title='bbox 432 3426 557 3489; x_wconf 89' lang='lat' dir='ltr'><strong>Sed</strong></span> <span class='ocrx_word' id='word_1_225' title='bbox 585 3428 688 3489; x_wconf 89' lang='lat' dir='ltr'><strong>ubi</strong></span> <span class='ocrx_word' id='word_1_226' title='bbox 716 3427 901 3489; x_wconf 77' lang='lat' dir='ltr'><strong>Cirtoe</strong></span> <span class='ocrx_word' id='word_1_227' title='bbox 917 3428 993 3489; x_wconf 89' lang='lat' dir='ltr'><strong>de</strong></span> <span class='ocrx_word' id='word_1_228' title='bbox 1018 3430 1231 3489; x_wconf 87' lang='lat' dir='ltr'><strong>iterata</strong></span> <span class='ocrx_word' id='word_1_229' title='bbox 1250 3428 1543 3507; x_wconf 80' lang='lat' dir='ltr'><strong>legatione</strong></span> <span class='ocrx_word' id='word_1_230' title='bbox 1567 3428 1862 3498; x_wconf 87' lang='lat' dir='ltr'><strong>auditum,</strong></span> <span class='ocrx_word' id='word_1_231' title='bbox 1887 3436 1951 3487; x_wconf 88' lang='lat' dir='ltr'><strong>et</strong></span> <span class='ocrx_word' id='word_1_232' title='bbox 1975 3424 2114 3487; x_wconf 86' lang='lat' dir='ltr'><strong>inde</strong></span> 
     </span>
     <span class='ocr_line' id='line_1_31' title="bbox 194 3523 2116 3605; baseline 0 -20"><span class='ocrx_word' id='word_1_233' title='bbox 194 3524 437 3585; x_wconf 85' lang='lat' dir='ltr'><strong>senatui</strong></span> <span class='ocrx_word' id='word_1_234' title='bbox 462 3524 799 3605; x_wconf 89' lang='lat' dir='ltr'><strong>populoque</strong></span> <span class='ocrx_word' id='word_1_235' title='bbox 827 3524 1110 3587; x_wconf 85' lang='lat' dir='ltr'><strong>Romano</strong></span> <span class='ocrx_word' id='word_1_236' title='bbox 1135 3545 1229 3585; x_wconf 89' lang='lat' dir='ltr'><strong>res</strong></span> <span class='ocrx_word' id='word_1_237' title='bbox 1264 3523 1626 3586; x_wconf 88' lang='lat' dir='ltr'><strong>Numidicas</strong></span> <span class='ocrx_word' id='word_1_238' title='bbox 1649 3544 1809 3585; x_wconf 83' lang='lat' dir='ltr'><strong>curae</strong></span> <span class='ocrx_word' id='word_1_239' title='bbox 1831 3524 2116 3603; x_wconf 86' lang='lat' dir='ltr'><strong>cordique</strong></span> 
     </span>
     <span class='ocr_line' id='line_1_32' title="bbox 196 3620 2114 3701; baseline -0.002 -19"><span class='ocrx_word' id='word_1_240' title='bbox 196 3642 329 3682; x_wconf 78' lang='lat' dir='ltr'><strong>ease</strong></span> <span class='ocrx_word' id='word_1_241' title='bbox 352 3620 644 3681; x_wconf 87' lang='lat' dir='ltr'><strong>creditum</strong></span> <span class='ocrx_word' id='word_1_242' title='bbox 680 3630 795 3692; x_wconf 86' lang='lat' dir='ltr'><strong>est,</strong></span> <span class='ocrx_word' id='word_1_243' title='bbox 822 3620 1027 3683; x_wconf 87' lang='lat' dir='ltr'><strong>Italici</strong></span> <span class='ocrx_word' id='word_1_244' title='bbox 1054 3622 1283 3701; x_wconf 78' lang='lat' dir='ltr'><strong>generis</strong></span> <span class='ocrx_word' id='word_1_245' title='bbox 1304 3620 1595 3693; x_wconf 85' lang='lat' dir='ltr'><strong>homines,</strong></span> <span class='ocrx_word' id='word_1_246' title='bbox 1621 3639 1870 3700; x_wconf 89' lang='lat' dir='ltr'><strong>quorum</strong></span> <span class='ocrx_word' id='word_1_247' title='bbox 1895 3620 2114 3680; x_wconf 78' lang='lat' dir='ltr'><strong>virtute</strong></span> 
     </span>
     <span class='ocr_line' id='line_1_33' title="bbox 198 3714 2114 3797; baseline -0.001 -20"><span class='ocrx_word' id='word_1_248' title='bbox 198 3717 509 3778; x_wconf 80' lang='lat' dir='ltr'><strong>defensum</strong></span> <span class='ocrx_word' id='word_1_249' title='bbox 548 3714 745 3777; x_wconf 89' lang='lat' dir='ltr'><strong>adhuc</strong></span> <span class='ocrx_word' id='word_1_250' title='bbox 786 3716 1067 3797; x_wconf 87' lang='lat' dir='ltr'><strong>oppidum</strong></span> <span class='ocrx_word' id='word_1_251' title='bbox 1101 3716 1320 3788; x_wconf 85' lang='lat' dir='ltr'><strong>fuerat,</strong></span> <span class='ocrx_word' id='word_1_252' title='bbox 1362 3716 1570 3778; x_wconf 87' lang='lat' dir='ltr'><strong>confisi</strong></span> <span class='ocrx_word' id='word_1_253' title='bbox 1608 3716 1954 3776; x_wconf 83' lang='lat' dir='ltr'><strong>Romanum</strong></span> <span class='ocrx_word' id='word_1_254' title='bbox 1998 3715 2114 3775; x_wconf 88' lang='lat' dir='ltr'><strong>sibi</strong></span> 
     </span>
     <span class='ocr_line' id='line_1_34' title="bbox 200 3810 2114 3892; baseline -0.001 -19"><span class='ocrx_word' id='word_1_255' title='bbox 200 3833 419 3873; x_wconf 89' lang='lat' dir='ltr'><strong>nomen</strong></span> <span class='ocrx_word' id='word_1_256' title='bbox 457 3812 731 3892; x_wconf 67' lang='lat' dir='ltr'><strong>praesidio</strong></span> <span class='ocrx_word' id='word_1_257' title='bbox 760 3812 1040 3873; x_wconf 81' lang='lat' dir='ltr'><strong>adversus</strong></span> <span class='ocrx_word' id='word_1_258' title='bbox 1072 3814 1347 3892; x_wconf 83' lang='lat' dir='ltr'><strong>injuriam</strong></span> <span class='ocrx_word' id='word_1_259' title='bbox 1390 3811 1541 3883; x_wconf 82' lang='lat' dir='ltr'><strong>fore,</strong></span> <span class='ocrx_word' id='word_1_260' title='bbox 1582 3810 1993 3873; x_wconf 87' lang='lat' dir='ltr'><strong>Adherbalem</strong></span> <span class='ocrx_word' id='word_1_261' title='bbox 2033 3810 2114 3871; x_wconf 92' lang='lat' dir='ltr'><strong>ad</strong></span> 
     </span>
     <span class='ocr_line' id='line_1_35' title="bbox 198 3907 2112 3990; baseline -0.001 -21"><span class='ocrx_word' id='word_1_262' title='bbox 198 3909 567 3969; x_wconf 85' lang='lat' dir='ltr'><strong>deditionem</strong></span> <span class='ocrx_word' id='word_1_263' title='bbox 582 3909 983 3969; x_wconf 83' lang='lat' dir='ltr'><strong>cohortantur.</strong></span> <span class='ocrx_word' id='word_1_264' title='bbox 1037 3908 1261 3990; x_wconf 87' lang='lat' dir='ltr'><strong>Neque</strong></span> <span class='ocrx_word' id='word_1_265' title='bbox 1282 3908 1449 3969; x_wconf 83' lang='lat' dir='ltr'><strong>aliud</strong></span> <span class='ocrx_word' id='word_1_266' title='bbox 1462 3908 1706 3990; x_wconf 87' lang='lat' dir='ltr'><strong>pacisci,</strong></span> <span class='ocrx_word' id='word_1_267' title='bbox 1732 3926 1914 3988; x_wconf 87' lang='lat' dir='ltr'><strong>quam</strong></span> <span class='ocrx_word' id='word_1_268' title='bbox 1927 3907 2112 3968; x_wconf 85' lang='lat' dir='ltr'><strong>vitam</strong></span> 
     </span>
     <span class='ocr_line' id='line_1_36' title="bbox 200 4000 2110 4085; baseline -0.001 -20"><span class='ocrx_word' id='word_1_269' title='bbox 200 4004 564 4067; x_wconf 88' lang='lat' dir='ltr'><strong>incolumem</strong></span> <span class='ocrx_word' id='word_1_270' title='bbox 577 4005 838 4085; x_wconf 85' lang='lat' dir='ltr'><strong>jubent:</strong></span> <span class='ocrx_word' id='word_1_271' title='bbox 878 4012 1077 4065; x_wconf 87' lang='lat' dir='ltr'><strong>cetera</strong></span> <span class='ocrx_word' id='word_1_272' title='bbox 1100 4015 1340 4066; x_wconf 87' lang='lat' dir='ltr'><strong>senatus</strong></span> <span class='ocrx_word' id='word_1_273' title='bbox 1360 4005 1714 4067; x_wconf 81' lang='lat' dir='ltr'><strong>auctoritate</strong></span> <span class='ocrx_word' id='word_1_274' title='bbox 1741 4000 1916 4064; x_wconf 83' lang='lat' dir='ltr'><strong>facile</strong></span> <span class='ocrx_word' id='word_1_275' title='bbox 1942 4024 2110 4064; x_wconf 88' lang='lat' dir='ltr'><strong>recu-</strong></span> 
     </span>
    </p>
   </div>
   <div class='ocr_carea' id='block_1_3' title="bbox 198 4111 2158 4277">
    <p class='ocr_par' dir='ltr' id='par_1_6' title="bbox 198 4111 2158 4277">
     <span class='ocr_line' id='line_1_37' title="bbox 198 4111 1285 4183; baseline -0.002 -20"><span class='ocrx_word' id='word_1_276' title='bbox 198 4111 565 4183; x_wconf 81' lang='lat' dir='ltr'><strong>peraturum.</strong></span> <span class='ocrx_word' id='word_1_277' title='bbox 1281 4158 1285 4161; x_wconf 83' lang='lat'><strong>.</strong></span> 
     </span>
     <span class='ocr_line' id='line_1_38' title="bbox 286 4192 2158 4277; baseline -0.003 -18"><span class='ocrx_word' id='word_1_278' title='bbox 286 4206 389 4259; x_wconf 82' lang='lat'><strong>15.</strong></span> <span class='ocrx_word' id='word_1_279' title='bbox 434 4197 585 4257; x_wconf 88' lang='lat' dir='ltr'><strong>Non</strong></span> <span class='ocrx_word' id='word_1_280' title='bbox 620 4205 752 4257; x_wconf 86' lang='lat' dir='ltr'><strong>erat</strong></span> <span class='ocrx_word' id='word_1_281' title='bbox 786 4196 1022 4275; x_wconf 85' lang='lat' dir='ltr'><strong>ignarus</strong></span> <span class='ocrx_word' id='word_1_282' title='bbox 1057 4195 1400 4266; x_wconf 84' lang='lat' dir='ltr'><strong>Adherbal,</strong></span> <span class='ocrx_word' id='word_1_283' title='bbox 1426 4216 1605 4275; x_wconf 89' lang='lat' dir='ltr'><strong>quam</strong></span> <span class='ocrx_word' id='word_1_284' title='bbox 1643 4215 1850 4277; x_wconf 89' lang='lat' dir='ltr'><strong>parum</strong></span> <span class='ocrx_word' id='word_1_285' title='bbox 1877 4192 2017 4253; x_wconf 85' lang='lat' dir='ltr'><strong>fidei</strong></span> <span class='ocrx_word' id='word_1_286' title='bbox 2051 4194 2110 4253; x_wconf 88' lang='lat' dir='ltr'><strong>in</strong></span> <span class='ocrx_word' id='word_1_287' title='bbox 2147 4256 2158 4261; x_wconf 68' lang='grc'>,</span> 
     </span>
    </p>
   </div>
   <div class='ocr_carea' id='block_1_4' title="bbox 202 4290 2292 4463">
    <p class='ocr_par' dir='ltr' id='par_1_7' title="bbox 202 4290 2292 4463">
     <span class='ocr_line' id='line_1_39' title="bbox 202 4290 2110 4377; baseline -0.003 -22"><span class='ocrx_word' id='word_1_288' title='bbox 202 4294 583 4377; x_wconf 86' lang='lat' dir='ltr'><strong>pactionibus</strong></span> <span class='ocrx_word' id='word_1_289' title='bbox 608 4292 919 4371; x_wconf 78' lang='lat' dir='ltr'><strong>Jugurthae</strong></span> <span class='ocrx_word' id='word_1_290' title='bbox 942 4301 1117 4351; x_wconf 85' lang='lat' dir='ltr'><strong>esset.</strong></span> <span class='ocrx_word' id='word_1_291' title='bbox 1202 4292 1324 4352; x_wconf 90' lang='lat' dir='ltr'><strong>Sed</strong></span> <span class='ocrx_word' id='word_1_292' title='bbox 1350 4296 1493 4373; x_wconf 84' lang='lat' dir='ltr'><strong>quia</strong></span> <span class='ocrx_word' id='word_1_293' title='bbox 1517 4292 1764 4353; x_wconf 84' lang='lat' dir='ltr'><strong>videbat</strong></span> <span class='ocrx_word' id='word_1_294' title='bbox 1789 4292 1848 4350; x_wconf 89' lang='lat' dir='ltr'><strong>in</strong></span> <span class='ocrx_word' id='word_1_295' title='bbox 1875 4290 2110 4351; x_wconf 89' lang='lat' dir='ltr'><strong>illorum</strong></span> 
     </span>
     <span class='ocr_line' id='line_1_40' title="bbox 206 4386 2292 4463; baseline 0 -11"><span class='ocrx_word' id='word_1_296' title='bbox 206 4413 383 4451; x_wconf 85' lang='lat' dir='ltr'><strong>manu</strong></span> <span class='ocrx_word' id='word_1_297' title='bbox 412 4392 614 4463; x_wconf 86' lang='lat' dir='ltr'><strong>situm,</strong></span> <span class='ocrx_word' id='word_1_298' title='bbox 642 4397 711 4448; x_wconf 90' lang='lat' dir='ltr'><strong>ut</strong></span> <span class='ocrx_word' id='word_1_299' title='bbox 744 4410 806 4449; x_wconf 82' lang='lat' dir='ltr'><strong>se</strong></span> <span class='ocrx_word' id='word_1_300' title='bbox 841 4388 1026 4452; x_wconf 86' lang='lat' dir='ltr'><strong>invito</strong></span> <span class='ocrx_word' id='word_1_301' title='bbox 1057 4388 1261 4449; x_wconf 87' lang='lat' dir='ltr'><strong>urbem</strong></span> <span class='ocrx_word' id='word_1_302' title='bbox 1288 4389 1440 4451; x_wconf 86' lang='lat' dir='ltr'><strong>hosti</strong></span> <span class='ocrx_word' id='word_1_303' title='bbox 1468 4390 1730 4461; x_wconf 84' lang='lat' dir='ltr'><strong>tradant,</strong></span> <span class='ocrx_word' id='word_1_304' title='bbox 1751 4408 1886 4452; x_wconf 87' lang='lat' dir='ltr'><strong>cum</strong></span> <span class='ocrx_word' id='word_1_305' title='bbox 1915 4386 2112 4449; x_wconf 82' lang='lat' dir='ltr'><strong>infulis</strong></span> <span class='ocrx_word' id='word_1_306' title='bbox 2137 4402 2292 4453; x_wconf 75' lang='lat' dir='ltr'><strong>Diod.</strong></span> 
     </span>
    </p>
   </div>
  </div>
 </body>
</html>
