3225 5242
693 462 870 529 4256

1655 462 1733 529 τί
1770 480 1963 529 mvn

1007 631 1024 659 ⁸
1052 621 1232 703 Saepe
1257 621 1460 683 multis
1484 623 1829 703 magnisque
1856 624 2083 703 injuriis
2106 623 2365 704 acceptis
2379 620 2663 703 populum
2680 620 2910 683 Roma·

1001 740 1141 779 num
1161 720 1359 781 omnia
1383 728 1579 781 tamen
1605 722 1769 801 prius
1790 729 2072 792 tentasse,
2090 741 2273 801 quam
2291 720 2518 784 bellum
2544 719 2907 781 decerneret.

1003 815 1207 878 Multa
1249 818 1330 877 ab
1375 816 1753 889 Hannibale,
1792 819 1981 881 multa
2016 839 2054 878 a
2088 818 2378 900 Philippo
2422 838 2683 899 panum,
2718 817 2917 880 donec

1001 935 1166 974 arma
1197 913 1410 989 Poenis
1443 923 1548 973 aut
1575 914 1953 977 Macedonia
1980 914 2239 977 inferret.
2323 914 2465 975 Nec
2484 915 2641 977 euim
2661 916 2765 996 pio
2777 917 2911 994 jus·

999 1020 1179 1091 toque
1209 1010 1370 1071 bello
1403 1020 1731 1072 certaturos
1772 1020 2031 1091 putasse,
2078 1013 2190 1072 nisi
2232 1011 2505 1091 liqueret,
2543 1011 2719 1072 aliter
2754 1012 2914 1073 tueri

987 1112 1096 1188 jus
1111 1128 1280 1169 suum
1305 1109 1659 1187 nequivisse.
1718 1106 1885 1169 Inter
1908 1110 2098 1170 socios
2116 1108 2332 1169 deinde
2356 1130 2545 1188 reges,
2564 1130 2909 1191 quanquam

999 1206 1138 1267 sua¹
1181 1214 1244 1267 et
1267 1216 1498 1287 patrum
1519 1214 1717 1278 aetate,
1738 1206 1799 1266 in
1822 1206 2112 1287 AEgypto,
2137 1208 2199 1267 in
2216 1206 2418 1287 Syria,
2444 1204 2687 1287 et‘apud
2706 1216 2908 1268 cetera

1003 1305 1174 1365 Asiae
1217 1324 1398 1383 regna
1433 1302 1639 1363 multae
1678 1304 1867 1385 tqrbae
1901 1305 2253 1375 extitissent,
2292 1305 2703 1365 auctoritatem
2742 1324 2910 1365 suam

1001 1410 1252 1481 promte,
1279 1420 1444 1461 arma
1463 1420 1595 1460 raro
1613 1409 1677 1461 et
1699 1409 2006 1461 contanter
2030 1401 2463 1481 interposuisse.
2544 1400 2651 1461 Sic
2676 1422 2911 1461 assecu-

1004 1510 1119 1567 tos,
1149 1506 1214 1555 nt
1238 1498 1414 1557 sociis
1439 1497 1731 1575 integram
1756 1497 2091 1577 permittere
2118 1495 2451 1559 libertatem
2470 1497 2601 1573 visi,
2636 1496 2915 1557 laudibus

1008 1615 1080 1654 mc
1106 1593 1308 1653 favore
1325 1594 1586 1653 omnium
1611 1593 2076 1665 celebrarentur,
2100 1603 2165 1654 et
2190 1594 2342 1655 inter
2378 1602 2629 1656 externa
2660 1595 2913 1676 populo·-

1007 1711 1135 1749 rum
1161 1688 1346 1759 bella,
1368 1690 1702 1769 mutuisque
1728 1690 2001 1751 cladibus
2022 1691 2367 1753 debilitatos
2392 1712 2581 1771 reges,
2600 1692 2913 1774 imperium

1011 1786 1234 1846 firmius
1257 1788 1588 1848 retinerent.

1097 1891 1196 1943 10.
1241 1893 1258 1919 ‘
1283 1882 1461 1944 Nihil
1487 1883 1793 1955 accidisse,
1822 1884 2139 1964 quominus
2150 1885 2362 1947 eodem
2382 1885 2653 1945 instituto
2672 1884 2761 1945 uti
2782 1905 2912 1965 per-

1016 1990 1240 2060 gerent.
1325 1980 1554 2042 Nullas
1602 1981 1881 2042 adversus
1931 1982 1972 2043 J
1975 1984 2284 2061 ugurtbam
2333 1982 2601 2044 bellandi
2652 1984 2917 2063 proprias

1017 2078 1301 2139 Romano
1323 2098 1536 2139 causas
1557 2098 1721 2139 esse:
1765 2078 2011 2139 fratrum
2038 2080 2190 2140 inter
2212 2100 2278 2141 se
2300 2078 2625 2141 certamina
2642 2079 2811 2140 nullo
2832 2082 2915 2139 rei

1016 2174 1311 2235 Romanae
1351 2174 1570 2235 damno
1609 2177 1933 2237 exarsisse:
1976 2196 2097 2236 non
2139 2175 2398 2237 utilitate
2438 2175 2588 2246 ulla,
2632 2196 2749 2236 non
2774 2177 2913 2254 jure

1012 2272 1146 2350 cogi
1169 2281 1464 2342 senatum,
1482 2280 1549 2332 ut
1573 2272 1735 2333 bello
1758 2272 1993 2331 minime
2019 2274 2347 2333 necessario
2364 2272 2629 2353 implicet
2640 2274 2914 2353 rempub·

1014 2367 1214 2429 licam.
1269 2369 1489 2435 ⁴Queri
1533 2368 1776 2449 quidem
1814 2368 2101 2429 invidiose
2140 2368 2573 2439 Adherbalem,
2610 2366 2717 2429 sed
2756 2370 2917 2450 prius

1013 2466 1196 2525 etiam
1220 2464 1380 2525 haud
1417 2465 1611 2525 minus
1648 2465 1875 2526 atrocia
1909 2463 2063 2525 falso
2085 2474 2391 2545 questum:
2434 2473 2614 2545 atque
2640 2468 2729 2525 ita
2745 2466 2915 2546 judi-

1015 2581 1180 2621 casse
1207 2561 1449 2632 Patres,
1479 2581 1614 2622 cnm
1646 2559 2001 2643 Hiempsale
2034 2580 2189 2622 caso
2214 2580 2455 2639 regnum
2490 2562 2645 2621 inter
2675 2560 2915 2625 fratrem

1015 2660 1148 2739 ejus
1171 2666 1234 2717 et
1257 2656 1298 2717 J
1301 2659 1612 2737 ugni-tham
1638 2657 1991 2720 divisissent.
2074 2656 2143 2717 N
2144 2678 2223 2717 on
2257 2658 2417 2718 enim
2442 2657 2705 2739 profecto
2732 2661 2914 2741 pesti-—

1015 2755 1166 2816 cidoe
1191 2754 1749 2835 praemium-dedisse
1774 2753 2032 2837 sceleris,
2056 2754 2163 2815 sed
2188 2774 2305 2815 non
2344 2753 2483 2815 ideo
2510 2753 2915 2817 damnandum

1017 2852 1334 2931 putavisse,
1373 2851 1534 2931 quod
1572 2852 1634 2911 in
1667 2851 2037 2933 depellendis
2072 2851 2305 2912 insidiis
2328 2850 2431 2911 ille
2454 2850 2708 2925 felicior,
2734 2872 2915 2935 quam

1017 2948 1074 3007 in
1103 2947 1388 3029 ponendis
1413 2947 1734 3029 Hiempsal
1759 2948 1981 3009 fuisset.

1095 3052 1194 3106 11.
1237 3054 1256 3081 ⁴
1283 3044 1526 3105 Frustra
1559 3044 1943 3115 Masinissam
1988 3043 2301 3115 advocari,
2320 3064 2438 3105 non
2478 3044 2671 3107 minus
2694 3044 2913 3123 Jngur-

1014 3140 1132 3201 thae
1159 3160 1340 3220 quam
1357 3140 1729 3201 Adherbalis
1751 3160 1961 3207 avum:
2002 3148 2067 3201 et
2088 3140 2427 3201 similiorem
2454 3139 2695 3221 quidem
2720 3140 2779 3203 ei
2802 3141 2913 3201 Ju—

1013 3238 1284 3315 gurtham
1307 3258 1432 3297 esse
1457 3239 1660 3297 animo
1684 3236 2055 3318 ingenioque,
2098 3245 2161 3296 et
2184 3236 2505 3297 declaratis
2526 3237 2587 3297 in
2627 3238 2913 3319 populum

1013 3332 1358 3393 Romanum
1403 3332 1629 3394 studiis.
1712 3332 1899 3394 Illum
1948 3334 2235 3397 acerrimo
2290 3331 2687 3415 Hispaniensi
2730 3334 2913 3405 bello,

1011 3450 1146 3489 cum
1176 3428 1582 3489 Romanorum
1615 3429 1885 3510 plerique
1912 3438 2070 3489 mem
2096 3430 2389 3508 segniores
2413 3428 2491 3491 ad
2518 3430 2747 3491 militine
2786 3451 2911 3493 mu-

1013 3528 1114 3585 nia
1163 3534 1376 3597 essent,
1421 3525 1504 3585 P.
1549 3525 1841 3588 Africano
1885 3526 2361 3607 prestantissimo
2406 3527 2741 3608 imperatori
2790 3548 2913 3607 prm

1009 3623 1223 3683 ceteris
1241 3623 1512 3682 omnibus
1537 3622 1879 3682 industriam
1892 3641 2061 3682 suam
2080 3621 2379 3702 fidemque
2406 3622 2767 3704 probavisse.
2803 3622 2912 3683 Ab
3034 3656 3039 3663 ·

1013 3717 1370 3778 Adherbale
1391 3718 1536 3777 nihil
1562 3718 1721 3777 ultra
1742 3718 1927 3778 verba
1952 3717 2299 3800 profectum,
2316 3739 2453 3799 quae
2468 3738 2605 3779 cum
2624 3719 2801 3780 factis
2826 3718 2910 3781 al-

1012 3816 1190 3874 terius
1229 3814 1480 3875 conferri
1507 3834 1625 3873 non
1650 3823 1941 3895 oporteat.
2026 3812 2211 3886 Sane,
2236 3836 2309 3875 ne
2328 3816 2545 3894 cuijus
2566 3836 2739 3877 sunm
2766 3836 2913 3898 pne·

1012 3920 1102 3970 ter
1127 3922 1382 3971 mentem
1405 3911 1888 3990 voluntatemque
1926 3919 2165 3971 senatus
2197 3913 2502 3992 eripiatur,
2530 3932 2679 3973 neve
2704 3913 2911 3993 praeei-

1013 4009 1271 4090 pitanter
1315 4008 1546 4087 aliquid
1590 4006 1793 4067 durius
1835 4008 2203 4068 decernendo
2246 4008 2537 4069 sociorum
2588 4008 2913 4071 alienentur

1014 4104 1222 4175 animi,
1246 4103 1472 4184 legatos
1498 4106 1558 4163 in
1588 4104 1863 4164 Africam
1888 4104 2041 4164 mitti
2078 4124 2269 4184 posse,
2312 4106 2416 4185 qui
2441 4106 2911 4189 res-inspiciant,

1017 4212 1078 4261 et
1099 4192 1334 4261 senatus
1367 4202 1566 4263 'verbis
1605 4202 1976 4272 denuntient,
2016 4201 2351 4261 amicissimi
2374 4202 2530 4280 regis
2552 4212 2797 4284 nepotes
2820 4224 2915 4265 ar-

1447 4336 1472 4381 1
1509 4330 1607 4381 lua
1631 4344 1729 4395 pro
1746 4344 1833 4380 sua
1854 4328 2128 4395 legebatur
2151 4336 2276 4381 ante
2300 4330 2456 4381 Crev.
