3225 5242
812 551 1015 603 unm
1066 551 1247 601 nxv.
1292 551 1942 605 susurriani-trum.
2313 538 2490 605 4275

252 716 361 755 nes
387 704 452 756 et
469 697 883 757 mercabantur
901 706 963 757 et
986 696 1285 772 colebant,
1310 718 1556 778 quorum
1582 697 1974 779 frequentiam
1995 718 2156 761 com-

249 792 502 863 meatui,
527 794 739 872 etjam
766 795 999 875 pacatis
1018 794 1403 865 munimento,
1426 795 1552 855 fore
1578 794 1942 856 confidebat.

335 896 399 949 6.
442 888 546 949 Ibi
584 889 729 950 dum
770 890 1151 963 frumentum,
1192 901 1255 952 et
1298 891 1421 952 alia
1454 912 1589 971 quae
1625 891 1790 953 bello
1829 894 1964 954 usui
1997 901 2157 964 sunt,

248 985 643 1065 imperantur,
671 988 811 1047 novi
834 989 914 1048 ab
938 987 981 1047 J
984 988 1240 1068 ugurtha
1262 1008 1399 1049 cum
1426 988 1637 1049 iisdem
1663 988 1956 1051 mandatis
1974 989 2159 1070 legati

248 1084 543 1142 veniunt:
570 1083 897 1175 eademque
919 1085 1181 1145 consulis
1206 1094 1333 1145 arte
1352 1086 1613 1167 corrupti
1635 1086 1714 1146 ad
1726 1106 1938 1166 regem
1957 1088 2159 1147 remit·
2187 1096 2345 1148 From.
2367 1097 2485 1149 Sall.
2545 1155 2551 1163 ,

248 1186 481 1239 tuntur.
562 1177 605 1238 J
608 1180 865 1258 ugurtha
891 1184 1209 1263 postquam
1231 1182 1346 1241 sibi
1372 1200 1563 1262 neque
1583 1181 1714 1243 dari
1734 1202 1944 1292 pacem
1967 1202 2158 1263 neque

250 1276 485 1352 negari,
522 1274 747 1337 bellum
782 1286 983 1338 tamen
1020 1298 1083 1337 re
1120 1278 1251 1358 ipsa
1274 1278 1399 1357 geri
1422 1276 1612 1350 videt,
1641 1279 1858 1339 amima
1895 1280 2160 1340 maxima

248 1372 427 1444 urbe,
472 1375 639 1453 regni
678 1384 851 1455 parte
896 1394 1017 1437 non
1058 1374 1493 1436 contemnenda.
1535 1376 1806 1437 hostibus
1841 1378 2014 1457 quasi
2054 1398 2160 1458 per

248 1468 445 1529 otium
470 1470 805 1552 explorata,
826 1471 1158 1532 solicitatos
1181 1470 1587 1533 Numidarum
1616 1474 1879 1542 animos:
1909 1473 2158 1534 salutem

249 1567 437 1627 armis
485 1567 802 1629 defendere
840 1570 1074 1641 statuit,
1122 1564 1241 1629 non'
1285 1569 1413 1629 sine
1458 1588 1677 1648 mag-na
1715 1590 1822 1651 spe
1869 1571 2158 1643 victoriae,

248 1663 441 1742 quod,
472 1685 576 1745 per
602 1664 739 1726 loca
761 1664 1031 1727 difficilia
1058 1664 1383 1727 Metellum
1408 1664 1709 1740 incedere,
1741 1687 1850 1747 per
1883 1666 2158 1749 specula-

252 1768 417 1820 tores
443 1771 825 1841 cognoverat.

332 1864 398 1921 7.
440 1860 728 1939 Pergenti
765 1859 844 1920 ad
880 1860 1165 1921 ulteriora
1202 1861 1538 1921 necessario
1571 1859 1966 1921 transeundus
1990 1860 2163 1923 collis

252 1962 409 2026 erat,
436 1955 689 2017 oleastro
724 1958 1049 2038 myrtisque
1082 1966 1147 2017 et
1176 1977 1311 2040 quae
1340 1957 1461 2017 alia
1487 1956 1658 2017 arido
1685 1956 1817 2018 solo
1843 1959 2162 2037 gignuntur

250 2052 539 2132 consitus.
622 2052 817 2113 Hune
858 2052 900 2113 J
903 2054 1177 2134 ugurtha,
1203 2073 1341 2115 cum
1375 2074 1481 2135 per
1512 2050 1779 2114 occultos
1807 2054 1996 2113 calles
2022 2054 2161 2115 Me-

251 2146 469 2209 tellum
496 2152 907 2223 antevenisset,
934 2170 1071 2212 cum
1095 2152 1217 2210 suis
1242 2150 1477 2222 insidet,
1506 2150 1626 2211 late
1651 2148 1914 2211 diductis
1938 2151 2160 2229 ordini·

250 2246 393 2319 bus,
414 2266 492 2307 ne
514 2249 744 2329 species
760 2248 1059 2309 exercitus
1082 2248 1343 2309 venienti
1368 2249 1749 2327 objiceretur.
1795 2246 1936 2308 Nec
1961 2256 2161 2310 tamen
2202 2256 2208 2261 “

252 2344 347 2403 ita
372 2345 492 2423 tegi
516 2344 849 2405 humilitate
876 2345 1147 2427 stirpium
1183 2352 1437 2425 poterat,
1464 2344 1607 2425 quin
1636 2343 1902 2405 Romani
1927 2346 2006 2405 ab
2031 2345 2160 2406 edi-

252 2448 321 2499 to
348 2450 547 2501 monte
571 2440 1017 2513 descendentes,
1043 2439 1189 2521 quid
1222 2442 1309 2501 rei
1336 2450 1513 2511 esset,
1540 2448 1968 2519 agnoscerent:
1989 2442 2166 2502 Sistit

254 2556 471 2615 agmen
517 2536 844 2599 Metellus:
890 2547 954 2598 et
982 2536 1197 2599 dextro
1231 2536 1439 2608 latere,
1464 2536 1629 2617 quod
1652 2537 1954 2615 objectum
1979 2538 2162 2599 hosti-

250 2634 373 2693 bus
400 2643 551 2705 erat,
580 2634 916 2717 triplicibus
948 2634 1225 2694 subsidiis
1252 2631 1511 2705 firmato,
1537 2632 1868 2694 funditores
1893 2642 1958 2694 et
1980 2636 2162 2714 sagit-

252 2730 443 2791 tarios
465 2732 661 2809 gravis
688 2739 1003 2791 armaturae
1028 2725 1349 2811 manipulis
1389 2730 1742 2810 permiscet:
1771 2730 2076 2811 equitatus
2103 2732 2163 2792 in

251 2826 538 2888 cornibus
562 2826 813 2888 locatur.
897 2826 1003 2887 Sic
1029 2828 1319 2888 instructa
1342 2827 1495 2899 acie,
1520 2824 1740 2887 milites
1760 2846 1868 2907 pro
1893 2814 2159 2909 tempore

251 2924 519 2984 breviter
542 2925 901 2997 cohortatus,
923 2926 984 2984 in
1012 2924 1343 3005 planitiem,
1368 2942 1505 3004 quae
1532 2944 1571 2983 a
1590 2932 1788 2985 monte
1809 2923 1886 2983 ad
1912 2924 2162 2987 fluvium

255 3020 510 3082 Muthul
554 3042 659 3103 per
706 3020 898 3084 millia
932 3021 1115 3082 ferme
1161 3040 1440 3157 passuum
1474 3021 1726 3101 viginti·
1763 3022 2158 3102 protenditur,
2210 3044 2220 3055 ·

252 3117 589 3179 descendit.

339 3222 401 3275 8.
445 3215 600 3276 Cum
627 3216 706 3277 ad
732 3218 861 3279 haec
890 3214 1180 3277 Numida!
1214 3214 1474 3276 nondum
1504 3224 1903 3287 moverentur,
1934 3214 2158 3276 Metel-

252 3312 355 3371 lus
390 3311 797 3375 lassitudinem
828 3315 1103 3394 sitimque
1134 3312 1391 3373 militum
1424 3314 1732 3395 expectari
1767 3312 2046 3383 sentiens,
2074 3312 2159 3374 P.

251 3408 565 3471 Rutilium
589 3411 853 3491 legatum
878 3430 1017 3471 cum
1042 3410 1341 3493 expeditis
1357 3410 1702 3495 cohortibus
1721 3418 1785 3470 et
1801 3420 1972 3491 parte
1991 3412 2160 3491 equi-

248 3516 389 3566 tum
414 3508 721 3589 praemittit
744 3507 821 3567 ad
860 3506 1103 3579 flumen,
1128 3516 1199 3567 ut
1224 3508 1437 3567 castris
1470 3506 1670 3567 locum
1708 3515 1952 3587 caperet
1975 3497 2162 3587 :ipse

246 3624 399 3665 cum
420 3606 671 3666 sinistrae
697 3605 811 3666 alae
836 3606 1139 3686 equitibus
1162 3624 1371 3683 agmen
1398 3624 1638 3665 suorum
1665 3603 2001 3664 antecedit:
2021 3604 2160 3665 reli-

246 3722 397 3783 quae
425 3704 616 3784 copim
650 3722 789 3765 cum
826 3702 1022 3781 legato
1058 3702 1260 3762 Mario
1297 3701 1755 3780 subsequuntur.
1835 3699 1878 3760 J
1881 3701 2162 3779 ugurtha,

120 3832 133 3846 ι
249 3803 367 3883 qui
392 3822 551 3873 suos,
579 3800 772 3863 donee
808 3808 969 3861 totus
1010 3799 1421 3861 Romanorum
1457 3806 1904 3879 praetergressus
1928 3799 2160 3859 exerci-

246 3909 359 3959 tus
380 3906 555 3971 esset,
580 3898 819 3979 quietos
833 3898 1230 3969 continuerat,
1255 3896 1351 3957 bis
1374 3894 1539 3957 mille
1562 3893 1864 3976 peditibus
1888 3894 1967 3956 ad
1993 3916 2158 3957 mon-

322 4082 485 4131 ·Per
502 4080 657 4150 stillis
678 4080 839 4142 ferne
855 4094 1079 4145 pansam
1097 4080 1169 4130 ιιι·-
1250 4079 1299 4129 ci
1284 4093 1372 4129 ιιιι
1390 4076 1616 4129 fluminis
1655 4090 1781 4140 perv
1755 4075 1915 4139 v,euit
1947 4084 2005 4127 et
2037 4076 2160 4129 iude

242 4148 415 4213 giuti]
435 4146 649 4210 Septem
672 4160 835 4211 prope
858 4148 1034 4195 leucas
1054 4150 1169 4193 n'os-
1252 4144 1317 4194 ad
1346 4142 1631 4193 Metellum
1657 4142 1816 4191 rediit
1849 4140 2032 4191 eodem
2055 4144 2165 4205 die,

248 4226 307 4265 tr
280 4224 443 4262 rates.
484 4212 610 4272 Sed,
632 4220 691 4261 nt
709 4212 905 4276 optime
928 4211 1171 4261 observat
1250 4210 1595 4273 suspicionem
1611 4221 1728 4257 mov
1699 4214 1824 4257 vent
1837 4220 2066 4258 errorem
2079 4210 2165 4259 hie

246 4292 490 4341 nuperus
504 4277 823 4328 notularum
810 4291 860 4325 ιιι
870 4276 1173 4326 Sallustium
1252 4288 1369 4326 esse
1423 4275 1477 4323 in
1528 4287 1709 4322 numer
1687 4273 1774 4321 ris.
1859 4272 2162 4337 Legendnm

250 4352 446 4393 auctor
450 4358 551 4407 ,ιι
522 4338 757 4393 naeinfra
778 4338 1172 4391 narranturfac-
1252 4354 1313 4389 ce
1284 4354 1376 4388 esu
1378 4338 1541 4389 etCia
1513 4338 1690 4388 aiccon
1698 4352 1755 4387 ns
1775 4338 2164 4403 animumn

251 4418 317 4460 ta
338 4424 369 4460 a
389 4408 610 4472 Rutilio,
644 4406 735 4474 qul
758 4422 789 4457 a
810 4412 987 4458 moute
1010 4404 1077 4457 ad
1100 4406 1173 4457 vi·
1254 4404 1367 4459 111.
1388 4405 1469 4456 vel
1499 4402 1815 4455 V11.crov.
