3225 5242
904 577 1109 629 unm
1162 580 1329 629 mx.
1372 580 2017 633 SUPPLEMBNTUM.

334 722 449 781 bus
464 718 609 803 ipsis
632 720 1054 783 admonemini.
1099 721 1271 790 Quos
1294 723 1344 783 si
1370 728 1537 785 tanto
1557 742 1802 784 >numero
1829 722 1997 785 vobis
2019 733 2236 805 praesto

330 816 561 879 futuros
575 817 820 899 putatis,
838 828 907 879 ut
924 818 1238 902 quotannis
1257 818 1409 879 alios
1426 818 1690 900 aliosque
1707 821 1940 901 possitis
1953 820 2234 899 deligere,

329 934 541 977 vereor
582 935 657 975 ne
694 914 873 977 valde
913 913 1229 986 fallamini,
1273 916 1559 983 Quirites.
1645 915 1850 977 Multa
1867 925 2012 979 sunt
2054 926 2236 998 atque
2343 996 2356 1005 ·

332 1029 572 1090 magna,
597 1031 733 1093 qum
757 1032 869 1093 pro
892 1011 1095 1093 populi
1108 1013 1250 1092 jure
1270 1022 1767 1094 propugnatorum
1793 1013 2015 1077 habere
2035 1035 2235 1077 neces-

329 1129 459 1169 sum
478 1118 591 1183 est,
618 1109 907 1178 Quirites.
964 1108 1106 1170 Jam
1116 1110 1369 1191 primum
1396 1109 1694 1189 ingenium
1721 1119 2018 1173 tantarum
2043 1104 2258 1174 rerum

332 1226 553 1287 capax,
598 1207 813 1269 notitia
853 1206 1221 1289 reipublicae,
1264 1206 1585 1268 tolerantia
1625 1207 1868 1279 laboris,
1907 1219 2238 1271 contemtus

328 1304 749 1383 periculorum.
834 1302 1044 1385 Atque
1076 1303 1209 1364 haec
1244 1304 1445 1365 omnia
1478 1303 1696 1365 frustra
1719 1304 1972 1376 inerunt,
1997 1306 2046 1366 si
2085 1306 2240 1367 desit

331 1399 563 1460 animus
582 1400 791 1461 omnia
812 1420 921 1481 pro
958 1400 1130 1461 vobis
1159 1408 1403 1482 paratus
1439 1401 1590 1482 pati,
1615 1399 1926 1462 blanditiis
1947 1403 2234 1483 minisque

320 1496 507 1574 juxta
534 1496 1035 1579 inexpugnabilis,
1062 1498 1315 1559 avaritia
1336 1506 1401 1558 et
1426 1497 1750 1559 ambitione
1775 1518 2018 1560 vacuus.
2103 1500 2234 1561 Hie

330 1612 569 1673 quoque
592 1594 719 1653 sine
741 1592 1031 1655 facultate
1056 1592 1261 1674 aliqua
1282 1592 1547 1667 dicendi,
1570 1614 1728 1675 saepe
1751 1592 1946 1656 fructu
1985 1606 2232 1657 conten-

328 1689 509 1751 tion'm
532 1710 656 1751 suae
680 1689 1075 1753 fuisti-abitur.
1328 1734 1335 1745 -

324 1832 332 1839 .
406 1792 515 1849 42.
558 1797 575 1825 ⁸
604 1786 787 1850 Tales
808 1787 1083 1869 equidem
1110 1786 1391 1869 perpauci
1414 1795 1551 1848 sunt
1588 1790 1650 1849 in
1683 1790 1952 1861 civitate,
1993 1796 2058 1849 et
2095 1808 2234 1869 pars

324 1904 535 1947 eorum
556 1884 695 1947 aliis
716 1887 910 1947 causis
933 1904 974 1945 a
992 1883 1437 1947 'commodorum
1476 1894 1798 1947 vestrorum
1833 1904 1977 1947 cura
2001 1886 2230 1947 absa-a-

309 1980 569 2043 lmutur.
654 1981 813 2043 Cum
854 1982 1035 2061 igitur
1068 1980 1329 2062 aliquem
1365 1980 1726 2063 quandoque
1775 1984 1938 2044 nacti
1976 2000 2055 2041 ex
2089 1991 2230 2044 voto

326 2076 575 2150 fueritis,
604 2098 721 2139 non
748 2078 1025 2141 stuemini
1054 2078 1233 2157 hujus
1265 2078 1491 2160 opera?
1552 2077 1702 2139 Non
1743 2079 2022 2141 tenebitis
2047 2086 2232 2159 atque

324 2174 795 2259 amplectemini,
841 2176 1031 2239 donec
1074 2174 1321 2258 aliquod
1364 2194 1563 2257 operae
1616 2178 1872 2259 pretium
1920 2174 2233 2237 efficiatis?

324 2272 439 2335 An
462 2292 607 2335 vero
646 2274 1045 2357 nequicquam
1086 2272 1249 2355 apud
1293 2292 1403 2335 vos
1438 2274 1569 2334 haee
1594 2274 1875 2353 jacimus,
1919 2272 2094 2335 fatali
2116 2273 2232 2335 bae

326 2369 539 2451 populi
564 2368 834 2431 Romani
856 2368 1262 2452 simplicitate,
1286 2378 1357 2430 ut
1388 2364 1560 2430 illudi
1585 2370 1700 2431 sibi
1723 2368 1902 2431 facile
1925 2369 2102 2442 ferat,
2123 2390 2232 2431 nec

326 2486 437 2547 pro
468 2464 881 2546 magnitudine
922 2466 1007 2527 rei
1049 2465 1129 2527 ad
1168 2475 1279 2527 sua
1318 2464 1585 2547 pericula
1627 2465 1978 2526 moveatur?
2025 2464 2233 2545 Atque

326 2582 459 2623 eam
483 2562 585 2625 vel
610 2564 933 2625 maximam
954 2581 1199 2623 causam
1224 2582 1377 2633 reor,
1402 2582 1513 2623 cur
1538 2562 1712 2644 prodi
1738 2562 2075 2623 libertatem
2102 2581 2232 2621 ves-

328 2669 481 2723 num
506 2680 808 2723 neeenrm
846 2661 949 2733 ait,
986 2660 1129 2741 quia
1164 2679 1355 2740 neque
1382 2659 1750 2721 inimicorum
1774 2658 2084 2719 conatibus
2107 2678 2232 2719 ma·

328 2766 457 2817 ture
476 2758 577 2817 itis
598 2756 859 2827 obviam,
879 2775 1073 2838 neque
1096 2754 1434 2827 defenditis,
1463 2775 1502 2816 a
1524 2754 1741 2835 quibus
1762 2752 2166 2815 defendimini.

410 2858 511 2913 43.
554 2862 573 2889 ⁶
602 2850 973 2933 Jampridem
1016 2872 1113 2913 me
1150 2850 1377 2913 revolvi
1423 2850 1501 2912 ad
1543 2851 1900 2915 domesticas
1937 2850 2234 2932 lacrymas

328 2948 691 3027 intelligitis:
732 2967 927 3029 neque
966 2947 1299 3009 mehercule
1332 2946 1672 3008 mirandum
1706 2956 1820 3019 est,
1861 2949 1922 3009 in
1965 2954 2138 3007 tanto
2169 2956 2232 3008 et

326 3045 675 3129 oeipublicae
700 3052 764 3105 et
802 3052 1017 3105 nostrae
1042 3042 1253 3105 domus
1273 3044 1541 3116 vulnere,
1568 3064 1664 3105 me
1691 3064 1808 3105 non
1839 3064 2008 3125 posse
2035 3047 2228 3125 queri·

328 3144 657 3205 moniarum
683 3148 749 3201 et
770 3139 995 3202 doloris
1016 3140 1309 3203 oblivisci.
1391 3139 1505 3214 Te,
1536 3151 1622 3212 te,
1667 3140 1896 3222 optime
1915 3140 2233 3221 animoque

2387 566 2562 632 4141

326 3260 461 3301 meo
478 3238 779 3303 carissime
802 3236 1005 3309 stater,
1032 3235 1321 3310 desidem,
1364 3256 1542 3318 quem
1576 3236 1670 3297 illi
1705 3256 1844 3298 cum
1874 3238 2014 3316 jure
2037 3246 2232 3299 essent
2283 3254 2442 3333 Sonip.

323 3336 603 3418 impares,
630 3354 735 3417 per
757 3332 1103 3395 seditionem
1128 3332 1445 3395 crudeliter
1466 3332 1831 3405 oeciderunt,
1859 3332 2229 3393 mitissimum

2253 3318 2436 3369 Charis.
2459 3336 2522 3371 rr.

2252 3382 2315 3431 de
2334 3384 2490 3434 Inter-

324 3434 541 3505 virum,
566 3442 631 3492 et
654 3450 733 3491 ne
756 3428 999 3511 quidem
1024 3428 1084 3489 in
1109 3427 1321 3491 ultimo
1339 3428 1601 3510 periculo
1633 3428 1710 3489 ad
1735 3428 1914 3491 civile
1931 3440 2227 3491 certamen
2248 3448 2370 3513 μοι,
2384 3452 2553 3514 μεμε,

326 3528 549 3592 adduci
572 3546 839 3607 gnarum.
923 3524 1117 3605 Igitur
1142 3523 1268 3597 ille,
1306 3544 1381 3585 ne
1420 3527 1593 3605 cujus
1616 3524 1860 3587 alterius
1883 3527 2230 3606 sangninem

326 3625 623 3695 funderet,
644 3640 815 3683 suum
839 3620 1041 3682 dedit:
1084 3620 1219 3681 aliis
1242 3620 1483 3701 reliquit
1508 3621 1872 3704 exemplum,
1901 3630 1970 3683 ut
1991 3622 2230 3683 easdem

326 3722 595 3791 actiones
617 3718 903 3800 aggressi,
924 3716 1037 3779 sibi
1071 3737 1189 3778 non
1230 3715 1417 3779 alium
1452 3717 1682 3779 exitum
1720 3718 2080 3780 destinatum
2103 3738 2230 3779 esse

324 3819 720 3890 meminerint,
747 3815 939 3876 donec
963 3822 1025 3875 et
1047 3813 1218 3876 vobis
1241 3815 1371 3876 haec
1404 3814 1676 3875 socordia
1713 3814 2000 3887 manebit,
2026 3825 2092 3875 et
2113 3816 2234 3877 illis

324 3918 453 3979 haec
478 3925 605 3976 tam
642 3911 935 3995 impunita
968 3910 1283 3993 superbia!
1366 3910 1583 3971 Multis
1606 3909 1823 3972 deinde
1847 3918 1975 3970 tum
2002 3912 2062 3971 in
2087 3932 2230 3973 auc·

326 4022 485 4074 tores
505 4008 838 4071 Tiberianae
862 4004 1045 4071 caedis
1082 4006 1292 4068 acerbe
1332 4015 1396 4067 et
1430 4006 1807 4067 vehementer
1830 4006 2096 4067 invectus
2118 4019 2230 4079 est,

324 4118 451 4185 tum
476 4108 537 4167 in
576 4104 957 4171 Africanum,
996 4103 1099 4182 qui
1140 4122 1255 4162 non
1296 4103 1575 4163 timuerat
1618 4102 1836 4177 dicere,
1879 4111 1898 4139 ‘
1926 4100 2230 4163 Tiberium

316 4208 454 4285 jure
478 4222 695 4265 caesum
722 4199 957 4261 videri!
1380 4216 1387 4225 ·

406 4309 509 4362 44.
552 4297 719 4359 'Dum
744 4298 803 4357 in
832 4295 923 4355 his
946 4294 1121 4355 rebus
1142 4311 1277 4373 spes
1313 4289 1611 4371 animique
1648 4289 2056 4353 dissidentium
2095 4292 2226 4355 Ro·
2283 4306 2437 4360 Diod.

326 4418 437 4459 mae
470 4398 803 4477 jactantur,
870 4392 953 4453 P.
1006 4388 1293 4471 Rupilius
1342 4386 1744 4469 proconsulari
1791 4390 2035 4471 imperio
2078 4391 2228 4453 Sici·
2252 4389 2445 4424 ¹¹¹¹*
