3225 5242
769 508 979 559 unni
1032 507 1154 557 nv.
1198 499 1543 556 surenam
1558 502 1851 555 surum.
2253 482 2431 548 4065

182 664 415 715 satores
454 650 645 715 auditi
664 636 883 723 essent,
901 638 1121 713 deinde
1148 648 1225 711 Ο.
1255 648 1475 710 Loelius
1508 668 1618 730 pro
1639 638 1974 729 publican'n
1997 661 2099 705 ac·

182 760 393 813 curate
420 751 695 822 dixiaeet,
722 748 1013 832 ampliata
1038 769 1077 810 a
1100 748 1441 810 consulibus
1466 766 1559 807 res
1590 754 1716 805 est:
1759 762 2100 825 paucosque

184 860 321 931 post
344 849 503 919 dies,
530 868 667 909 cum
706 847 864 907 idem
902 846 1151 907 dixisset
1172 847 1355 907 etiam
1394 844 1604 905 melius
1627 841 2095 922 elegantiusque,

180 946 395 1007 itidem
438 945 812 1027 ampliatum.
898 943 999 1003 Ibi
1037 941 1466 1004 deducentibus
1504 960 1644 1001 eum
1685 940 1885 1025 sociis,
1923 958 2096 999 oran-

182 1042 463 1123 tibusque
488 1063 564 1102 ne
588 1041 1031 1120 defatigaretur,
1069 1038 1146 1100 C.
1184 1038 1423 1109 Loelius,
1450 1046 1519 1099 ut
1548 1046 1678 1097 erat
1699 1037 1934 1096 eximiae
1959 1056 2095 1117 pro-

182 1140 415 1211 bitatis,
448 1140 669 1202 dixisse
703 1137 910 1208 fertur,
949 1145 968 1174 ‘
987 1137 1101 1197 sibi
1142 1138 1203 1196 iu
1243 1154 1426 1197 causa
1460 1134 1697 1195 illorum
1727 1154 1920 1215 neque
1955 1131 2096 1193 dili·
2176 1210 2194 1219 ,

182 1237 451 1315 gentiam
485 1254 681 1317 neque
716 1234 898 1295 fidem
932 1233 1224 1295 defuisse:
1268 1242 1529 1295 ceterum
1560 1231 1928 1302 existimare,
1954 1248 2096 1290 cau-

180 1352 308 1393 sam
332 1332 507 1393 illam
531 1353 571 1392 a
596 1332 723 1393 Ser.
754 1330 983 1401 Galba,
1013 1330 1175 1411 quod
1212 1331 1261 1390 is
1284 1330 1473 1391 acrior
1500 1330 1560 1389 in
1585 1327 1842 1389 dicendo
1865 1326 2096 1387 fortior·

181 1450 297 1510 que
322 1438 505 1501 esset,
532 1428 773 1489 defendi
804 1428 1013 1487 melius
1044 1428 1256 1509 posse.’
1339 1425 1441 1488 Sic
1468 1434 1710 1487 auctore
1744 1424 1934 1485 Laelio
1957 1444 2099 1486 cau-

182 1546 263 1587 sae
298 1527 699 1609 patrocinium
732 1524 812 1587 ad
844 1524 1113 1585 Galbam
1145 1524 1433 1585 delatum.
1517 1524 1730 1604 Atque
1767 1524 1820 1583 is
1843 1531 2015 1582 tanta
2037 1524 2100 1585 vi

180 1632 475 1704 tantaque
514 1625 809 1704 gravitate
844 1621 1067 1683 dixisse
1102 1622 1342 1694 dicitur,
1368 1629 1437 1681 ut
1462 1621 1634 1682 nulla
1655 1620 1780 1680 fere
1805 1638 1942 1701 pars
1965 1640 2099 1679 ora-

184 1720 361 1780 tionis
398 1722 527 1781 sine
562 1719 921 1781 clamoribus
960 1727 1025 1779 et
1058 1717 1269 1799 plausu
1310 1719 1876 1801 praetermitteretur,
1908 1718 2098 1776 omni-

184 1819 417 1899 busque
454 1817 920 1899 approbantibus
954 1817 1221 1877 instituta
1260 1816 1581 1897 quaestione
1612 1814 1954 1875 societatem
1995 1813 2102 1873 illa

182 1914 311 1975 dies
342 1914 575 1995 illaque
615 1915 779 1974 actio
814 1912 1165 1975 absolveret.
1250 1912 1413 1974 Haec
1438 1912 1599 1973 domi
1627 1920 1811 1991 gesta.

264 2018 325 2071 ⁵.
372 2010 473 2073 At
520 2009 758 2072 delectu
812 2011 1043 2071 interim
1094 2020 1253 2081 acto,
1290 2009 1374 2071 D.
1416 2010 1663 2080 Brutus,
1709 2010 1804 2069 cui
1859 2007 2101 2069 ulterior
2159 2022 2374 2089 Appiam.

145 2116 155 2125 ’
190 2106 499 2189 Hispania
547 2108 891 2177 obvenerat,
928 2108 1014 2184 (in
1058 2107 1327 2167 citeriore
1367 2114 1745 2188 prorogatum
1790 2105 2100 2186 imperium
2123 2086 2249 2138 1¹³¹·

190 2202 281 2265 M.
336 2204 617 2285 Popillio
666 2208 846 2282 erat,)
900 2204 960 2262 in
1012 2205 1379 2285 provinciam
1430 2202 1842 2285 profic'ncitur.
1929 2202 2102 2264 Duas

186 2304 451 2362 maxime
498 2316 591 2362 res
628 2310 868 2363 senatus
914 2302 971 2361 ei
1012 2301 1421 2372 mandaverat,
1470 2318 1672 2371 unam,
1717 2308 1736 2335 ‘
1761 2308 1828 2359 ut
1862 2320 1965 2359 eos
1998 2300 2102 2381 qui
2225 2350 2230 2357 .

186 2398 295 2457 sub
324 2396 611 2459 Viriatho
634 2398 1013 2469 militassent,
1042 2404 1221 2479 atque
1263 2416 1301 2457 a
1336 2398 1424 2465 Q.
1454 2396 1738 2478 Caepione
1783 2397 2012 2477 accepti
2037 2398 2098 2457 in

186 2493 553 2555 deditionem
592 2504 806 2567 essem,
834 2496 1011 2557 certis
1041 2498 1102 2555 in
1136 2494 1379 2555 sedibus
1402 2494 1726 2555 collocaret
1749 2495 1787 2553 :'
1828 2493 2098 2563 alteram,

188 2602 207 2627 ⁴
228 2601 297 2651 ut
319 2591 488 2673 quod
512 2592 573 2652 in
603 2591 909 2652 Lusitania
934 2592 1195 2652 nondum
1222 2600 1503 2673 pacatum
1525 2598 1703 2663 esset,
1729 2591 1906 2651 armis
1929 2589 2098 2650 redu-

188 2708 321 2749 cere
364 2688 449 2749 ad
490 2684 747 2769 quietem
780 2687 1082 2749 studeret!
1165 2687 1361 2768 Igitur
1398 2706 1537 2748 cum
1570 2687 1868 2769 dedititiis¹
1895 2708 2100 2767 agrum

182 2788 311 2865 jam
336 2785 619 2866 urbisque
647 2784 845 2845 locum
862 2804 901 2844 a
924 2783 1229 2845 decessore
1255 2804 1363 2845 suo
1390 2786 1748 2864 assignatum
1773 2785 2100 2865 reperbset,

188 2882 487 2944 condendi
518 2880 729 2964 oppidi
772 2892 979 2943 auctor
1020 2882 1121 2962 adj
1130 2892 1376 2963 utorque
1412 2881 1554 2953 fuit,
1594 2892 1926 2963 opportuno
1957 2882 2099 2955 situ,
2123 2900 2228 2949 Liv-
2247 2902 2382 2968 Ερίς,

190 2980 375 3040 tribus
392 3000 435 3039 a
454 2981 601 3040 mari
622 2998 901 3061 passuum
926 2978 1210 3039 millibus.
1280 2977 1571 3039 Valentia
1594 2977 1660 3038 id
1687 2978 1970 3059 oppidum
1991 2998 2098 3059 ap-
2123 2966 2255 3020 Plin.
2270 2985 2359 3019 ¹¹¹·
2375 2973 2431 3020 ⁸·

198 3076 510 3158 pellatum.

272 3181 333 3234 fl.
378 3173 463 3234 In
490 3174 605 3235 boc
630 3194 807 3255 opere
842 3192 980 3235 cum
1006 3192 1143 3255 pars
1182 3192 1397 3251 magna
1416 3176 1551 3253 ejus
1574 3172 1716 3233 anni
1739 3173 2101 3233 circumacta

194 3280 361 3343 esset,
388 3270 613 3332 deinde
642 3271 935 3333 latronum
962 3271 1171 3351 globos
1210 3271 1482 3352 persequi
1521 3269 1794 3340 instituit,
1821 3271 1926 3350 qui
1952 3270 2102 3331 locis
2121 3281 2337 3349 Appias.

194 3368 313 3427 istis
334 3370 560 3450 passim
600 3370 1035 3448 grassabantur.
1119 3365 1291 3428 Nam
1333 3369 1475 3448 quia
1502 3385 1581 3427 ex
1606 3366 1896 3427 similibus
1919 3368 2102 3428 initi’u

196 3482 406 3543 mag-na
430 3466 703 3545 potentia
730 3464 1012 3536 Viriathi,
1042 3483 1435 3545 mag-numque
1461 3482 1676 3523 nomen
1704 3462 1900 3523 fuerat
1917 3464 2116 3546 3-plu-'

192 3580 283 3620 res
305 3560 473 3621 illius
497 3560 778 3642 exemplo
804 3562 1057 3633 incitati,
1086 3580 1287 3643 parem
1310 3561 1425 3621 sibi
1448 3560 1744 3622 fortunam
1771 3559 1932 3621 baud
1955 3582 2100 3643 ope-

194 3676 319 3717 rosa
358 3656 609 3717 rudibus
636 3658 843 3719 animis
880 3658 1259 3741 improbitate
1290 3659 1417 3740 spei
1459 3657 1922 3737 augurabantur.
2003 3656 2100 3719 Hi

194 3754 475 3834 quicquid
502 3774 777 3833 agrorum
801 3752 1035 3835 Tagum
1060 3755 1211 3816 inter
1238 3763 1302 3815 et
1329 3753 1668 3815 oblivionis
1690 3752 1934 3826 flumen,
1963 3753 2099 3815 Du-

190 3851 337 3911 rium
366 3850 579 3912 itidem
604 3872 679 3913 ac
702 3852 900 3912 Baetin
924 3852 1407 3935 comprehensum
1431 3860 1541 3923 est,
1566 3852 1745 3913 solita
1771 3852 1932 3931 genti
1967 3872 2099 3933 per-

196 3946 435 4008 nicitate
462 3958 872 4030 pervagantes,
890 3968 1093 4011 curam
1118 3949 1470 4030 injiciebant
1494 3947 1742 4021 consuli,
1770 3969 1892 4030 qua
1916 3949 2098 4031 potis-

192 4044 403 4105 simum
428 4045 531 4105 via
554 4046 841 4106 incertum
866 4046 1094 4107 bostem
1120 4054 1183 4107 et
1206 4064 1497 4128 nusquam
1520 4046 1838 4107 facientem
1863 4046 2098 4128 copiam

194 4143 279 4199 sui
300 4142 684 4223 opprimeret.
769 4143 1197 4207 velocissimos
1220 4144 1485 4206 homines
1506 4144 1697 4205 citato
1717 4143 1982 4205 exercitu
2009 4144 2098 4203 in-

190 4242 381 4319 sequi,
398 4240 642 4303 difficile
662 4250 829 4303 erat:
852 4244 1253 4324 insequentem
1278 4262 1397 4305 non
1423 4242 1726 4323 consequi,
1754 4242 2097 4322 ignominio-

194 4358 343 4399 sum.
424 4338 531 4403 Ne
576 4342 637 4401 in
684 4343 813 4422 ipsa
847 4340 1089 4423 quidem
1128 4341 1379 4405 victoria
1412 4340 1734 4423 quicquain
1773 4348 1880 4403 aut
1907 4338 2100 4407 laudis
