3225 5242
1230 234 1265 265 b

799 544 1011 594 mum
1064 544 1279 596 cxiv.
1322 527 1977 605 suri-namuurum.
2321 528 2502 597 426⁹

257 683 519 767 piditate
544 686 800 748 fraterna
822 685 1043 748 delicta
1084 708 1191 769 per
1226 688 1503 749 virtutem
1534 688 1912 761 emendandi,
1949 697 2172 761 tamen,

256 784 413 865 qnia
438 794 665 845 veteres
688 786 891 867 copias
914 806 1032 846 non
1060 784 1205 867 fuga
1242 794 1498 858 tantum,
1537 786 1644 847 sed
1685 787 1864 847 etiam
1897 796 2176 867 corrupta

255 880 585 964 disciplina
606 891 1008 954 enervaverat,
1036 904 1221 965 nuper
1245 892 1482 966 paratas
1499 884 1722 944 tribuni
1747 884 1940 964 plebis
1960 883 2176 963 depor-

256 979 380 1039 tari
404 981 712 1051 vetabant,
740 979 888 1039 nihil
912 979 1105 1040 moliri
1132 1000 1325 1051 ausus,
1370 980 1431 1039 in
1465 981 1790 1062 provincia,
1819 1000 1940 1060 quo
1959 1000 2036 1041 ex
2062 980 2172 1055 fos-

252 1074 403 1138 dere
425 1078 579 1137 Auli
602 1077 893 1138 deductus
916 1078 1207 1139 exercitus
1230 1078 1445 1150 fuerat,
1471 1078 1847 1160 hybernavit.

344 1182 451 1237 48.
494 1174 739 1235 Interea
762 1174 980 1235 Romae
1002 1194 1041 1234 a
1066 1174 1142 1235 G.
1171 1175 1451 1236 Mamilio
1485 1175 1798 1236 Limetano
1821 1175 2058 1235 tribuno
2075 1194 2168 1234 ro·-
2229 1179 2338 1229 Cic.
2360 1180 2422 1228 de

2194 1244 2312 1294 Nat.
2329 1245 2477 1293 Deor.

254 1274 429 1353 gatio
471 1272 895 1354 promulgatur,
936 1280 955 1308 ‘
980 1272 1068 1332 uti
1106 1280 1403 1353 quaeratur
1438 1273 1497 1332 in
1524 1292 1628 1334 eos
1651 1290 1898 1352 quorum
1924 1272 2172 1332 consilio
2196 1326 2281 1362 m·
2305 1314 2390 1359 3⁰·
2411 1315 2464 1357 ot

252 1368 297 1429 J
302 1369 559 1449 ugurtha
578 1368 769 1428 senati
788 1367 1029 1428 decreta
1056 1368 1441 1447 neglexisset:
1488 1369 1710 1449 quique
1731 1368 1810 1429 ab
1828 1369 1982 1428 eoin
2009 1367 2170 1447 lega-
2196 1374 2361 1431 Bruto,
2372 1376 2501 1423 aas.

168 1478 180 1493 “
253 1466 525 1526 tionibus
567 1476 672 1527 aut
712 1466 973 1546 imperiis
1018 1467 1299 1547 pecumas
1338 1467 1740 1547 accepissentz
1785 1465 2003 1546 quique
2049 1465 2170 1526 ele·
2196 1440 2312 1488 3⁸¹¹·

252 1564 539 1643 Phaistos,
566 1564 787 1643 quique
812 1562 1147 1643 transfugas
1171 1562 1579 1633 tradidissent3
1624 1572 1939 1643 postremo,
1965 1562 2070 1643 qui
2095 1561 2170 1622 de

255 1680 415 1740 pace
438 1670 548 1721 aut
568 1659 730 1720 bello
759 1680 897 1721 cum
939 1660 1205 1721 hostibus
1246 1662 1550 1741 pactiones
1590 1658 1907 1720 fecissent!
1991 1660 2168 1738 Mag-

256 1776 407 1816 num
444 1778 520 1817 ea
560 1756 951 1838 promulgatio
984 1766 1263 1817 terrorem
1306 1757 1595 1817 Patribus
1633 1757 1880 1836 objecit,
1921 1776 2168 1837 quorum

252 1852 433 1913 multi
454 1852 657 1913 aflines
683 1852 771 1912 illi
796 1852 993 1934 culpae
1016 1863 1221 1924 erant:
1267 1854 1397 1925 alii,
1423 1872 1497 1913 ne
1522 1873 1864 1935 quanquam
1892 1853 2168 1913 innocen-

252 1958 349 2009 tes
394 1950 619 2010 invidia
656 1951 1035 2031 opprimeret,
1076 1951 1439 2011 metuebant.
1539 1948 1735 2029 Igitur
1773 1969 2002 2009 summo
2041 1970 2167 2009 om·

254 2046 423 2105 nium
449 2056 667 2106 conatu
698 2046 977 2127 praesidia
1000 2056 1209 2107 contra
1232 2048 1630 2127 parabantur:
1675 2065 1790 2106 non
1830 2046 2053 2126 palam,
2093 2066 2166 2105 ne

250 2140 579 2203 foedissima
618 2142 841 2203 delicta
875 2142 1189 2203 defendere
1220 2142 1576 2214 viderentur,
1602 2142 1708 2203 sed
1733 2140 2168 2203 dissimulanter

249 2258 363 2319 per
392 2239 935 2323 homines'maxime
972 2240 1169 2301 Latini
1192 2240 1444 2300 nominis
1468 2249 1530 2300 et
1540 2222 1746 2299 'socios
1780 2237 2028 2300 Italicos
2051 2239 2164 2299 im-

252 2334 601 2415 pedimenta
622 2336 901 2398 struendo
926 2336 1069 2417 legi,
1095 2357 1275 2417 quam
1308 2358 1510 2399 coram
1538 2337 1763 2419 populo
1787 2336 2024 2417 placere
2047 2337 2162 2397 sibi

250 2430 635 2494 dictitabant.
742 2432 751 2442 ’

337 2537 441 2591 49.
462 2529 585 2591 Sed
602 2530 937 2593 incredibili
952 2531 1149 2593 studio
1168 2531 1360 2614 plebis
1386 2530 1618 2613 perlata
1641 2532 1868 2611 rogatio
1889 2540 1980 2592 est
2001 2550 2017 2591 ε
2045 2540 2164 2593 tres

250 2629 601 2709 quaesitores
622 2630 945 2691 constituti.
1029 2628 1253 2710 Neque
1283 2630 1376 2689 M.
1406 2628 1690 2701 Scaurus,
1719 2630 1874 2709 (qui,
1907 2638 1976 2689 ut
2011 2630 2164 2691 inter

249 2722 395 2799 illos
433 2735 748 2807 crearetur,
790 2726 1094 2797 effecerat,
1122 2726 1263 2787 licet
1290 2726 1501 2787 eodem
1531 2727 1777 2786 crimine
1801 2729 2162 2805 contactus)

250 2823 493 2883 obstare
531 2825 748 2904 potuit,
786 2823 1098 2902 quominus
1136 2844 1338 2904 aspere
1376 2822 1786 2903 violenterque
1819 2843 1894 2882 ea
1918 2824 2166 2903 quaestio

249 2926 651 2981 exerceretur.
734 2920 901 2986 Quin
942 2927 1005 2979 et
1044 2920 1191 3000 ipse,
1223 2921 1493 3000 quamvis
1517 2919 1844 3001 periculum
1869 2920 2164 2998 effugerit,

250 3016 475 3097 probra
501 3025 697 3075 tamen
724 3015 935 3089 audiit,
973 3017 1051 3075 ab
1076 3017 1331 3077 inimicis
1354 3017 1776 3077 contumeliose
1804 3016 2160 3095 exagitatae.

252 3112 462 3183 Certe,
488 3132 623 3173 cum
649 3113 761 3173 sub
786 3111 945 3172 idem
972 3122 1205 3193 tempus
1236 3112 1579 3173 nonnullam
1608 3113 1854 3173 haberet
1879 3112 2162 3173 invidiam
2219 3120 2325 3171 Cic.
2349 3122 2411 3169 de

250 3228 328 3269 ex
358 3230 435 3270 eo
470 3229 729 3289 quoque,
756 3208 919 3290 quod
960 3210 1121 3269 bona
1163 3208 1445 3291 Pompeii
1488 3209 1874 3290 Phrygionis,
1913 3209 2164 3269 hominis
2188 3184 2276 3237 θ’·
2299 3202 2360 3275 Ῑξ·
2383 3189 2466 3236 ⁷⁰·

249 3305 591 3409 locupletis,
632 3307 757 3365 sine
798 3314 1154 3367 testamento
1179 3305 1537 3386 possederat,
1564 3306 1623 3365 in
1650 3305 1888 3386 judicio
1915 3306 1984 3365 L.
2015 3305 2162 3367 Cal-

248 3402 449 3483 purnii
487 3402 735 3473 Bestiae,
776 3422 913 3461 cum
950 3403 1103 3463 inter
1128 3402 1445 3463 advocatos
1467 3404 1522 3481 ej
1533 3422 1599 3462 us
1621 3402 1872 3475 sederet,
1911 3412 1976 3462 et
2008 3402 2163 3463 forte

247 3508 521 3559 mortuus
542 3498 865 3571 efferretur,
892 3508 1203 3560 accusator
1229 3500 1452 3560 Bestiae
1472 3499 1549 3559 C.
1580 3499 1925 3571 Memmius,
1953 3510 1971 3537 ‘
1993 3500 2162 3567 Quid

246 3596 467 3668 sedes:
492 3596 708 3677 inquit,
735 3605 755 3633 ‘
780 3594 1045 3657 Scaure?
1082 3604 1345 3657 mortuus
1364 3598 1611 3677 rapitur.
1684 3596 1849 3659 Vide
1889 3598 1940 3657 si
1977 3599 2163 3677 possis

246 3712 375 3753 esse
402 3694 733 3775 possessor!

300 3796 435 3855 ho.
464 3790 745 3851 Ceterum
768 3798 835 3850 et
858 3789 929 3851 L.
955 3789 1185 3861 Bestia,
1210 3797 1275 3849 et
1298 3788 1509 3849 eodem
1532 3789 1782 3849 crimine
1807 3788 1979 3849 multi
2007 3808 2158 3871 prae·
2216 3812 2324 3864 eie.
2362 3812 2482 3863 Bm.

246 3896 413 3948 terea
436 3885 743 3948 clarissimi
768 3886 880 3947 viri
904 3885 1263 3946 ceciderunt.
1344 3883 1387 3944 J
1390 3883 1593 3945 udices
1621 3886 1782 3945 enim
1819 3884 2158 3947 Gracchani
2183 3884 2253 3943 to,
2270 3894 2316 3929 ⁰·
2335 3882 2418 3930 ⁸⁴·

246 3994 455 4045 erant:
498 3992 561 4044 et
592 3984 853 4044 instabat
878 3983 1243 4062 urgebatque
1266 3980 1542 4063 populus,
1584 3980 1758 4042 lae'tus
1781 3984 2156 4044 occasionem
2181 3992 2320 4044 Sall.-

246 4082 360 4143 sibi
386 4080 723 4163 premendae
758 4078 1085 4141 nobilitatis
1124 4078 1452 4160 praebitam.
1536 4076 1708 4138 Nam
1743 4099 1816 4139 eo
1855 4081 2107 4160 partium
2133 4086 2153 4121 ⁵

243 4177 389 4240 odia
426 4184 845 4259 processerant,
886 4184 957 4237 ut
994 4177 1187 4255 major
1221 4172 1299 4236 ad
1336 4173 1445 4237 illa
1476 4172 1842 4257 plerumque,
1869 4196 2050 4258 quam
2076 4177 2154 4238 ad

420 4384 453 4428 6
491 4377 556 4428 In
580 4376 701 4429 edd.
726 4385 847 4427 ame
868 4376 1027 4429 Grev.
1050 4374 1211 4426 verbo
1232 4373 1449 4441 portium
1470 4377 1800 4441 preponitur
1815 4377 1960 4429 velut.
