3225 5242
745 520 956 571 12113121
1007 519 1288 571 vaui.
1335 518 1989 569 surranunuruu.
2302 502 2481 571 4355

241 661 397 723 nuni
420 660 496 723 de
519 660 722 722 iisdem
759 661 1022 723 cimbris
1059 661 1428 744 comesque
1469 663 1745 742 gentibus
1776 663 1912 725 uia
1934 663 2153 725 retule—
2170 640 2462 731 {phur-⁸1».

241 768 403 829 runt,
450 769 468 796 ‘
487 778 590 819 eas
629 767 840 820 contra
881 758 1347 820 exundationem
1385 779 1675 839 aquarum
1710 759 1941 839 gladios
1978 760 2153 820 strin-
2174 729 2455 859 ξῗξῇἶω

239 876 404 935 gere,
433 865 497 917 et
517 856 684 917 velut
707 857 769 915 in
791 856 1042 928 hostem,
1081 864 1263 937 atque
1293 876 1619 927 sensurum,
1646 856 1895 917 vulnera
1916 856 2153 919 moliri?
2208 859 2393 935 <Elium

243 952 410 1019 Qua}
437 953 646 1013 merito
677 953 1004 1013 severiores
1037 953 1216 1014 etiam
1255 951 1481 1025 Groeci,
1511 955 1853 1034 ceteroquin
1894 952 2039 1014 laeta
2060 953 2153 1014 fa·
2176 922 2447 1039 {³3thOE

242 1048 402 1109 bulis
443 1050 630 1121 natio,
671 1069 780 1130 pro
822 1046 1090 1112 ridiculis
1127 1057 1191 1109 et
1241 1048 1500 1110 anilibus
1547 1050 1901 1111 commentis
1942 1050 2152 1133 exple*-
2207 1052 2375 1103 Posid.
2397 1070 2479 1119 ap.

245 1164 397 1207 m·
2176 1118 2400 1197 §trahet
2526 1149 2539 1158 -

327 1248 432 1303 48.
475 1230 656 1301 Certe
683 1238 928 1301 flumina
969 1240 1056 1302 sic
1101 1241 1334 1301 transiri
1375 1261 1514 1301 cum
1557 1243 1827 1303 exercitu
1870 1262 2065 1323 posse,
2104 1246 2157 1304 si
2176 1198 2283 1249 Ῥω
2300 1182 2457 1233 sm·

243 1338 410 1420 quod
435 1336 830 1398 firmissimum
855 1338 1064 1397 robore
1085 1345 1200 1409 est,
1227 1338 1306 1399 ad
1331 1337 1723 1417 frangendum
1757 1359 1931 1419 aquae
1970 1340 2157 1421 impe·

243 1444 376 1495 tum
413 1454 616 1516 supra,
639 1435 834 1507 ,ceteri
867 1434 1142 1495 inferiore
1173 1433 1334 1495 vado
1371 1443 1696 1515 permeent,
1727 1435 1933 1497 multis
1954 1456 2159 1497 exem·

243 1532 368 1613 plis
415 1550 756 1610 magnorum
798 1532 1217 1613 imperatorum
1261 1539 1518 1593 constat.
1623 1531 1793 1592 Nam
1838 1542 1903 1594 et
1955 1543 2162 1614 postea

247 1627 582 1709 Pompeius
625 1628 712 1687 ita
745 1626 972 1709 Cyrum
999 1629 1060 1687 in
1097 1625 1378 1688 Albanos
1419 1626 1673 1689 tendens
1712 1630 2055 1701 transmisit,
2098 1640 2163 1693 et

244 1722 630 1785 Rubiconem
655 1724 888 1797 Caesar,
923 1733 988 1785 et
1019 1724 1168 1787 alios
1209 1724 1337 1786 alii.
1417 1724 1572 1785 Tale
1599 1725 1797 1806 potius
1835 1726 2065 1807 aliquid
2088 1748 2162 1789 eo

241 1830 513 1903 tempore
539 1830 832 1883 tentatum
869 1842 908 1883 a
935 1814 1195 1883 Cimbris
1217 1821 1396 1883 fuisse
1421 1823 1574 1883 ratio
1599 1821 1860 1893 dictitat,
1887 1844 2069 1904 quam
2096 1836 2163 1887 ut

241 1920 508 1979 amnium
549 1919 772 1980 fluenta
809 1921 1000 1980 teneri
1044 1919 1314 1981 manibus
1367 1938 1538 1999 posse
1587 1920 1978 1983 crediderint:
2048 1924 2160 1983 nisi

239 2014 422 2088 forte,
465 2016 802 2097 priusquam
839 2016 918 2077 ad
952 2016 1232 2077 Athesim
1265 2006 1676 2097 penetrarunt,
1710 2016 1925 2079 fluvios
1968 2019 2162 2081 nullos

239 2114 430 2186 domi,
457 2112 656 2174 nullos
681 2115 740 2173 in
765 2121 858 2175 tot
901 2114 1036 2174 aliis
1073 2114 1410 2195 provinciis,
1444 2134 1594 2194 quas
1634 2116 1939 2195 pervagati
1968 2136 2157 2198 popu·

241 2210 428 2271 lando
451 2209 712 2283 fuerant,
738 2211 1037 2273 viderunt.
1403 2234 1408 2241 ·

327 2313 428 2368 49.
472 2307 570 2367 At
594 2307 847 2378 Cimbri,
875 2315 1186 2389 postquam
1213 2308 1330 2369 ista
1355 2306 1697 2368 transeundi
1722 2305 1981 2369 fluminis
2000 2329 2159 2370 vana

239 2406 402 2465 ratio
428 2405 725 2486 apparuit,
752 2425 996 2485 magnos
1022 2406 1354 2484 injecerunt
1381 2405 1443 2466 in
1467 2403 1853 2486 profluentem
1882 2408 2158 2468 arborum
2180 2418 2311 2471 Plnt.

241 2510 510 2573 truncos,
539 2511 605 2562 nt
621 2510 860 2583 pontem
877 2501 1286 2563 Romanorum
1302 2500 1727 2562 convellerent.
1768 2501 1957 2563 Totas
1976 2503 2159 2564 etiam

239 2618 384 2659 cum
411 2598 710 2659 radicibus
737 2599 996 2669 arbores,
1021 2607 1086 2659 et
1107 2598 1444 2678 fragmenta
1467 2598 1701 2679 rupium
1728 2598 2005 2678 giganteo
2030 2600 2159 2661 uisu

238 2696 663 2774 ingreoeerunt,
707 2716 828 2776 quo
870 2696 930 2758 in
971 2694 1280 2755 adversam
1322 2695 1510 2775 ripam
1551 2693 1717 2754 velut
1752 2714 1963 2773 aggere
1988 2698 2163 2776 jacto

243 2791 747 2852 transcenderent.
833 2790 960 2851 His
991 2791 1168 2851 rebus
1197 2799 1402 2851 tantus
1436 2788 1735 2850 Romanis
1768 2792 2021 2869 injectus
2044 2800 2162 2866 ter-

241 2908 368 2959 ror,
414 2896 481 2948 ut
517 2906 597 2948 ex
641 2886 968 2967 majoribus
1006 2887 1212 2947 castris
1257 2886 1460 2967 palam
1501 2885 1647 2965 fuga
1690 2886 1977 2967 inciperet
2009 2886 2159 2948 fieri.

241 2982 456 3049 Quam
493 2984 596 3043 ubi
631 2984 810 3044 nullis
856 2983 1128 3065 precibus
1157 2980 1655 3061 hortamentisque
1697 2982 2007 3062 proconsul
2048 2984 2156 3044 im·
2213 2981 2343 3033 Plut.
2367 2982 2439 3033 Α·

243 3078 452 3161 pedire
489 3088 705 3161 potest,
748 3080 1032 3161 praeclaro
1057 3078 1330 3150 consilio,
1354 3086 1426 3138 ut
1447 3078 1614 3157 signa
1640 3080 1849 3161 potius„
1857 3089 1923 3140 et
1946 3078 2159 3141 ducem
2180 3047 2488 3162 ,9ξὶξὲῗῖ

239 3176 459 3249 secuti,
505 3196 687 3257 quam
725 3178 937 3237 timore
973 3176 1160 3236 ablati
1199 3174 1560 3247 viderentur,
1603 3175 1863 3240 convelli
1896 3175 2161 3257 aquilam
2182 3175 2233 3225 in
2248 3177 2488 3228 'VR-Mtt-

233 3270 442 3350 jubet,
469 3276 618 3334 etin
643 3273 894 3356 primum
921 3260 1128 3353 agmen
1164 3294 1336 3334 cursu
1363 3272 1647 3354 perlatus,
1672 3273 1917 3333 servatis
1941 3272 2161 3333 ordini·
2182 3246 2453 3372 lssffnipel.

245 3372 362 3431 bus
387 3370 678 3452 proficisci
705 3373 919 3451 coegit.
992 3372 1296 3452 ,Equitum
1335 3378 1535 3431 tamen
1571 3380 1800 3451 partem
1824 3372 2166 3453 abripuerat

243 3480 658 3551 sparseratque
684 3470 1120 3531 consternatio:
1163 3470 1314 3529 inter
1347 3488 1498 3549 quos
1529 3476 1592 3529 et
1619 3468 1714 3528 M.
1740 3467 1953 3530 Scauri
1978 3468 2160 3542 filius,
2216 3478 2378 3530 Front.

244 3567 582 3631 severitatis
615 3576 878 3648 paternae
912 3566 1270 3648 pudorisque
1297 3565 1534 3645 ingenui
1562 3566 1899 3626 miserabile
1932 3566 2163 3628 futurus
2182 3545 2487 3659 εἶῗιξὲᾞοι·

245 3664 619 3746 exemplum,
657 3684 792 3725 cum
835 3662 1100 3725 Romam
1135 3664 1414 3734 venisset,
1440 3662 1826 3723 denuntiante
1852 3672 2045 3744 patre,
2086 3684 2161 3724 ne
2186 3674 2491 3751 yir.111ustr.

247 3764 312 3823 in
331 3771 736 3847 „conspectum
770 3782 940 3821 suum
979 3760 1315 3832 accederet,
1349 3760 1604 3820 animam
1646 3779 1825 3838 quam
1858 3760 2165 3821 hostilibus
2186 3754 2236 3787 ¹¹²
2258 3740 2421 3789 ΜΨ·

249 3860 432 3921 armis
473 3858 718 3921 reddere
758 3860 1057 3931 timuerat,
1098 3879 1207 3919 suo
1241 3858 1447 3938 gladio
1485 3856 1851 3937 propriisque
1894 3859 2167 3919 manibus

247 3956 506 4037 expulit.
1948 3972 1955 3977 ’
2393 4012 2399 4021 .

335 4060 438 4113 50.
482 4053 722 4113 Minora
745 4060 945 4113 castra
973 4072 1108 4112 cum
1144 4051 1455 4113 fortissime
1488 4048 1961 4121 defenderentur,
1994 4050 2161 4111 cim·
2184 4066 2291 4116 Liv.
2312 4068 2447 4133 Epit.

250 4150 346 4211 bri
372 4148 649 4210 virtutem
675 4148 930 4209 militum
957 4149 1333 4219 honorantes,
1360 4147 1558 4207 illaesis
1576 4148 1739 4207 abire
1756 4148 2163 4228 permiserunt,
2188 4132 2319 4183 PM·

250 4266 484 4307 aeneum
524 4255 754 4306 taurum
797 4246 1010 4324 jurati,
1053 4264 1229 4324 quem
1279 4244 1494 4305 deinde
1534 4245 1690 4304 inter
1730 4244 2034 4303 manubias
2076 4243 2161 4311 Q.

254 4342 516 4404 Catulus
559 4343 724 4404 domi
761 4362 882 4402 suae
923 4342 1150 4401 habuit.
1235 4340 1350 4401 Cn.
1399 4342 1647 4402 Petreio
1668 4352 1689 4388 ³
1737 4339 1977 4401 Atinati
2019 4342 2164 4403 facti
