3225 5242
853 615 1060 665 mam
1115 615 1309 664 axx.
1355 615 2007 667 surranum-trun.
2354 601 2535 668 m

383 763 485 818 12.
529 756 658 818 His
681 758 858 819 rebus
879 777 1018 818 cum
1043 779 1150 840 per
1173 777 1402 820 menses
1425 758 1610 821 ferme
1636 777 1848 821 novem
1872 759 2013 838 (nec
2045 759 2207 820 enim
2263 755 2371 808 cio.
2391 759 2455 808 οὐ
2506 787 2511 807 ι

299 853 524 916 diutius
571 857 632 915 in
685 857 990 936 provincia
1037 855 1180 934 fuit)
1229 857 1583 918 indefessam
1638 877 1877 940 operam
1922 857 2206 928 dedimet,
2231 820 2339 871 Λα·
2362 837 2411 873 v.
2432 827 2513 874 ¹⁷⁸

295 959 528 1012 mutam
555 954 776 1035 ubique
805 955 1290 1035 approbationem
1315 957 1664 1037 promeruit,
1704 964 1771 1017 ut
1792 955 1939 1016 etin
1968 955 2205 1036 provin·
2264 951 2369 1002 0¹⁶⁶·
2390 953 2442 1001 in

295 1049 398 1108 cia
445 1049 686 1110 decreto
723 1053 1033 1111 civitatum
1089 1050 1304 1112 Mucia
1353 1052 1570 1114 festum
1624 1054 2101 1121 instituerentur:
2144 1059 2209 1111 ct
2230 1016 2534 1132 νῖῗζοῗζξὲ·

296 1155 534 1207 senatus
573 1146 856 1229 deinceps
888 1149 1056 1208 ituris
1073 1149 1098 1184 ³
1133 1149 1194 1208 in
1225 1151 1594 1230 provinciam
1630 1149 2073 1230 magistratibus
2096 1167 2203 1208 ex·
2230 1161 2293 1198 ¹¹·
2316 1147 2519 1224 ἰπνοῖς·

293 1241 556 1323 emplum
615 1254 797 1324 atque
867 1244 1116 1305 formam
1182 1244 1360 1307 officii
1435 1245 1769 1308 Scaevolam
1826 1253 2200 1327 proponeret.
2228 1216 2533 1327 ‘fiii-083?

297 1335 496 1400 Haud
545 1339 728 1401 dubie
773 1341 1077 1423 publicani
1117 1341 1469 1406 fremebant.
1565 1343 1636 1404 N
1638 1363 1736 1403 am
1780 1350 1843 1404 et
1892 1343 2202 1404 occasione
2264 1341 2373 1391 th·
2390 1341 2535 1394 M⁸¹·

294 1434 578 1497 vindictae
611 1437 838 1510 oblata,
863 1458 1002 1498 cum
1037 1439 1098 1498 in
1125 1438 1458 1501 Scaevolam
1497 1461 1614 1500 non
1646 1448 1902 1522 ponent,
1930 1439 1989 1498 in
2018 1437 2202 1500 Ruti·
2228 1411 2533 1522 Χᾞζίἱσῂὴο

295 1529 440 1592 lium
483 1532 702 1594 deinde
745 1536 907 1596 virus
947 1545 1300 1616 conceptum
1342 1537 1646 1617 bilemque
1688 1537 1938 1618 turpiter
1974 1533 2201 1596 effude-

291 1638 459 1720 runt,
485 1639 553 1690 ut
577 1633 640 1690 in
665 1630 800 1693 loco
825 1651 1212 1714 exequemur.

371 1731 472 1786 1³.
515 1725 640 1788 Sed
668 1727 740 1789 L.
770 1729 1012 1790 Asellio
1039 1741 1206 1810 patre
1232 1730 1550 1809 quaestorio
1575 1737 1771 1800 natus,
1798 1748 1975 1810 quem
1999 1747 2202 1789 recens
2260 1731 2413 1782 Diod·

295 1821 380 1888 Q.
411 1821 706 1884 Scaevolae
732 1826 924 1904 gloria
949 1825 1241 1887 laudabili
1267 1825 1644 1888 aemulatione
1680 1825 2054 1896 accenderat,
2098 1845 2205 1906 op-

291 1919 504 1979 timum
529 1939 608 1980 ex
635 1923 844 2000 amicis
869 1922 946 1982 G.
977 1923 1244 2001 Longum
1279 1941 1481 1982 secum
1527 1923 1585 1981 in
1632 1921 1903 1983 Siciliam
1944 1921 2207 2000 legatum

289 2023 358 2074 et
395 2014 726 2095 adjutorem
769 2019 965 2080 duxit.
1051 2019 1364 2098 Syracusis
1409 2017 1625 2080 deinde
1670 2019 2205 2100 splendidissimum

285 2113 559 2192 equitum
587 2113 998 2176 Romanorum
1041 2115 1314 2175 adhibuit
1340 2115 1635 2175 Publium
1668 2116 1990 2196 quendam,
2028 2135 2205 2195 quem

289 2209 444 2269 vidit
485 2221 550 2271 et
589 2212 768 2271 valde
807 2211 1018 2274 laudat
1055 2205 1208 2273 forte
1233 2212 1540 2274 beneficiis
1562 2215 1693 2292 ejus
1718 2233 1857 2274 usus
1885 2213 2205 2284 Diodorus,

287 2310 464 2386 cujus
483 2327 560 2368 ex
584 2309 848 2389 reliquiis
867 2311 998 2369 haec
1019 2311 1190 2369 nobis
1216 2311 1473 2370 historiae
1497 2305 1853 2372 concinnata
1875 2319 1965 2370 est
1990 2313 2204 2392 portio.

371 2411 472 2464 14.
518 2405 758 2466 Horum
787 2405 1052 2466 consiliis
1073 2415 1136 2467 et
1160 2425 1344 2487 opera
1377 2415 1505 2466 tum
1545 2417 1805 2468 ceteram
1834 2407 2203 2486 jurisdictio-

285 2503 380 2562 nis
418 2513 648 2585 partem
678 2505 960 2587 praeclare
988 2504 1284 2566 absolvit:
1329 2515 1456 2565 tum
1491 2505 1759 2586 inprimis
1786 2504 2009 2575 effecit,
2038 2516 2107 2565 ut
2132 2505 2204 2566 iis

285 2601 548 2661 maxime
584 2602 971 2683 prospiceret,
1013 2621 1264 2683 quorum
1300 2603 1795 2682 opportunissima
1821 2600 1897 2660 ad
1926 2601 2201 2680 injuriam

285 2695 600 2758 infirmitas
623 2707 771 2759 erat.
856 2698 1125 2781 Pupinia
1163 2699 1320 2758 enim
1357 2707 1420 2759 et
1451 2698 1669 2769 viduis,
1697 2697 1913 2779 quibus
1954 2697 2199 2775 legitimi
2256 2695 2471 2775 iustius.

285 2801 509 2854 tutores
533 2815 650 2856 non
679 2802 893 2866 essent,
915 2814 1052 2856 cum
1079 2795 1182 2855 alii
1209 2796 1586 2875 magistratus
1607 2796 1753 2855 dare
1777 2802 2032 2854 tutorem
2054 2813 2197 2854 con·-
2222 2759 2512 2876 {¹2²5‘1·²fu'2·d⁶

281 2893 632 2962 suevissent,
655 2900 908 2951 tutorem
935 2893 1232 2951 neminem
1256 2891 1444 2962 dedit,
1467 2911 1530 2951 se
1555 2891 1809 2952 tutelam
1836 2890 2071 2952 illorum
2094 2911 2200 2951 cu·
2224 2889 2380 2943 Diod.

283 3007 530 3068 ramque
548 2989 812 3069 recipcre
835 2987 1162 3069 professus:
1187 2989 1575 3070 praestititque
1595 2989 1900 3068 promissa,
1918 2998 1981 3048 et
1998 2986 2201 3048 litibus

283 3103 485 3144 eorum
512 3085 786 3144 omnibus
809 3085 1129 3164 diligenter
1152 3095 1218 3146 et
1240 3086 1466 3165 integre
1491 3085 1805 3163 judicatis,
1834 3085 1989 3165 ipsos
2015 3085 2197 3164 patri-

281 3180 666 3261 moniumque
687 3201 888 3241 eorum
915 3191 1121 3243 contra
1139 3183 1466 3262 potentium
1485 3191 1590 3240 aut
1606 3181 1983 3242 callidiorum
2008 3180 2200 3241 homi-

281 3297 426 3336 num
442 3278 814 3356 iniquitatem
829 3279 1106 3358 protexit.
1149 3278 1421 3340 Privatis
1435 3279 1613 3338 etiam
1632 3278 2005 3359 publicisque
2014 3279 2197 3338 male-

258 3373 435 3434 'ficiis
460 3374 784 3434 secundum
810 3373 970 3454 leges
995 3395 1261 3436 moresve
1301 3375 1490 3434 bonos
1524 3375 1870 3438 coercendis
1894 3374 2195 3434 assiduum

278 3469 603 3542 vindicem,
630 3471 796 3552 pacis
822 3471 1332 3551 vigilantissimum
1372 3471 1682 3532 custodem
1717 3472 2030 3532 exhibuit:
2073 3493 2192 3532 ser·
2253 3481 2361 3532 Cic.
2380 3484 2433 3532 in

278 3587 409 3640 vos,
435 3587 512 3628 ne
543 3569 756 3628 iterum
783 3589 874 3628 res
899 3568 1158 3630 novandi
1181 3569 1526 3630 occasiones
1549 3576 1882 3650 captarent,
1910 3589 2045 3629 cum
2070 3569 2194 3630 telo
2218 3547 2358 3599 Vox-r.
2379 3565 2427 3600 V·
2450 3553 2499 3599 ³·

249 3663 406 3724 'ene
431 3665 640 3724 vetuit.
725 3663 888 3725 Haec
924 3666 1193 3726 instituta
1223 3686 1359 3728 cum
1394 3675 1520 3726 toto
1551 3666 1781 3746 imperii
1816 3667 1908 3725 sui
1930 3675 2192 3745 tempore

275 3769 618 3821 constanter
667 3762 1020 3833 retinuisset,
1078 3763 1164 3823 ita
1205 3763 1460 3844 decessit
1505 3781 1584 3822 ex
1629 3760 1859 3833 Sicilia,
1903 3771 1972 3820 ut
2010 3781 2191 3840 quam

273 3857 609 3918 intraverat
643 3859 960 3918 miserrime
1003 3857 1282 3919 affectam
1319 3857 1594 3928 insulam,
1632 3877 1766 3917 eam
1799 3867 2031 3917 tantum
2074 3877 2190 3918 non

277 3953 358 4014 ad
385 3956 647 4036 pristinu
678 3953 988 4016 felicitatis
1014 3956 1355 4037 exemplum
1384 3956 1624 4016 beatam
1649 3951 2071 4034 florentemque
2099 3975 2189 4014 re-

277 4049 592 4131 linqueret.

356 4154 460 4208 16.
505 4149 722 4208 Romae
749 4169 986 4230 quoque
1012 4167 1282 4209 censores
1315 4149 1501 4208 creari
1544 4168 1661 4208 non
1709 4158 1939 4230 tempus
1978 4149 2185 4226 magis,
2212 4195 2325 4244 PM
2356 4197 2469 4246 Mar

275 4263 457 4324 quam
484 4263 676 4306 mores
701 4245 1104 4327 postulabant.
1187 4245 1500 4304 Petiturus
1535 4267 1665 4305 esse
1710 4247 1942 4306 Marius
1980 4245 2184 4306 crede-
2210 4277 2256 4311 e.
2279 4231 2360 4312 ei.
2471 4231 2486 4246 ⁶

881 4483 911 4530 8
947 4480 1114 4532 Itum
1135 4479 1255 4532 edd.
1279 4486 1400 4532 ante
1427 4483 1584 4532 Crev.
