3225 5242
695 547 872 616 ⁴376
1682 567 1755 616 τ’.
1806 565 1997 616 mvn

1107 715 1210 772 21.
1253 709 1357 772 Ita
1393 731 1514 772 non
1541 708 1647 772 diu
1674 709 1913 772 letatus
1950 719 2239 794 proventu
2280 709 2570 772 scelerum
2612 708 2938 792 Apuleius,

989 879 996 884 ⁵
1029 807 1180 888 ipso,
1221 813 1398 888 cujus
1439 809 1501 869 in
1543 811 1795 888 gratiam
1841 819 1966 870 tam
2002 807 2193 871 multa
2220 819 2595 890 peccaverat,
2624 807 2703 869 C.
2733 808 2941 869 Mario

1009 904 1262 966 vindice
1287 927 1492 990 poenns
1513 907 1701 968 dedit.
1786 906 2077 975 Quotidie
2102 908 2261 968 enim
2288 907 2660 978 insolentior,
2684 927 2759 966 ne
2786 907 2938 966 ami·

697 1007 1004 1188 yigffii·
1023 1003 1588 1174 33³3ss
1598 1003 2336 1183 ‘313¹'ssoe
2346 1003 2943 1184 ,?,¹⁸;22†‚;¹';3,‘⁰.,13

700 1203 836 1254 Piut.
953 1173 968 1190 ’
1024 1207 1254 1278 partem
1277 1209 1602 1260 avocasset·
1690 1198 1957 1260 Marium
1980 1219 2239 1281 quoque,
2266 1221 2375 1282 pro
2396 1199 2655 1280 praestito
2678 1200 2735 1258 ei
2766 1200 2943 1259 obse-

1021 1295 1168 1374 quio
1193 1297 1500 1358 astrictum
1526 1297 1605 1358 ad
1631 1297 1834 1358 omnia
1860 1317 1995 1379 qnae
2020 1297 2207 1358 vellet
2234 1307 2421 1369 ratus,
2446 1305 2771 1378 coeptorum
2794 1315 2943 1356 con-

1021 1391 1402 1472 siliorumque
1453 1393 1808 1474 impotentia
1850 1393 2137 1454 lassabat.
2222 1393 2435 1474 Atque
2480 1395 2554 1464 is,
2603 1412 2739 1454 cum
2794 1393 2939 1453 hinc

1023 1498 1285 1560 senatus,
1311 1488 1448 1550 inde
1474 1489 1671 1573 plebis
1706 1489 1907 1550 studia
1930 1489 2419 1571 voluntatemque
2457 1497 2778 1572 spectaret,
2804 1509 2943 1548 sen-

1023 1587 1224 1646 tentiae
1249 1585 1352 1646 diu
1375 1606 1614 1668 anceps,
1652 1585 1730 1646 ad
1758 1595 2090 1647 extremum
2115 1585 2347 1648 facinus
2364 1586 2512 1647 fecit
2538 1588 2715 1668 plane
2738 1586 2943 1646 illibe-

1023 1681 1150 1742 rale
1175 1691 1238 1743 et
1274 1684 1713 1754 veteratorium,
1740 1703 1863 1762 quo
1898 1685 2091 1762 magis
2122 1685 2305 1744 etiam
2340 1685 2495 1744 inter
2534 1703 2599 1742 se
2644 1683 2946 1744 com-isit

1025 1785 1329 1859 utrosque,
1355 1778 1580 1860 faxque
1615 1789 1681 1840 et
1718 1781 1985 1840 incentor
2024 1779 2417 1859 sanguinariae
2462 1779 2761 1849 seditioni,
2802 1797 2943 1860 qnae

1025 1893 1168 1934 mox
1205 1876 1471 1937 insecuta
1519 1883 1633 1948 est,
1682 1875 1938 1937 infidelis
1983 1877 2229 1949 amicus,
2278 1897 2471 1958 neque
2518 1875 2731 1936 melior
2766 1877 2941 1948 civis,

1025 1972 1248 2032 extitit.

1103 2073 1206 2128 22.
1251 2067 1410 2128 Cum
1433 2067 1590 2129 enim
1615 2076 1795 2129 noctu
1838 2069 1917 2130 ad
1940 2088 2077 2128 eum
2100 2068 2401 2150 principes
2438 2067 2705 2128 civitatis
2743 2069 2945 2130 venis-

1021 2173 1176 2236 sent,
1197 2173 1266 2224 ut
1284 2163 1529 2246 perditis
1550 2164 1807 2244 Apuleii
1831 2166 2147 2226 conatibus
2170 2165 2411 2226 obviam
2436 2164 2645 2225 consul
2672 2165 2805 2236 iret,
2836 2186 2943 2246 pe-

1023 2269 1238 2331 tentes,
1265 2260 1384 2320 illis
1421 2261 1833 2340 ignorantibus
1856 2261 2181 2322 admissum
2212 2261 2335 2321 alio
2360 2261 2511 2322 omo
2547 2263 2851 2322 tribunum
2880 2261 2941 2322 in

1023 2355 1262 2418 diversa
1281 2357 1500 2418 aedium
1530 2367 1701 2438 parte
1726 2358 1991 2439 opperiri
2006 2358 2205 2436 jussit.
2251 2355 2489 2417 Deinde
2514 2358 2793 2418 simulato
2816 2357 2943 2419 alvi

1025 2452 1337 2534 profluvio,
1381 2453 1459 2514 ad
1506 2453 1687 2525 bunc,
1730 2473 1927 2514 rursus
1944 2452 2040 2513 *ad
2082 2454 2221 2514 illos
2262 2453 2477 2535 saepius
2510 2463 2940 2525 transcurrens,

1021 2569 1160 2610 cum
1201 2551 1464 2631 utrisque
1505 2550 1771 2611 volentia
1814 2547 2233 2632 respdudisset,
2260 2552 2349 2610 ita
2386 2550 2635 2624 dimisit,
2664 2560 2732 2611 ut
2768 2539 2942 2633 cupi-

1021 2645 1220 2706 diores
1241 2647 1637 2709 contentionis
1662 2648 1915 2717 abirent,
1943 2667 2126 2727 quam
2144 2654 2452 2708 venerant.

693 2745 910 2812 Appi-n.
1103 2749 1204 2804 23.
1247 2743 1621 2814 Saturninus,
1648 2764 1769 2825 quo
1796 2742 2091 2803 destinata
2120 2743 2453 2824 perficeret,
2484 2744 2722 2803 tertium
2748 2742 2937 2802 tribu-

721 2845 910 2922 ᾼιισιοι·
921 2846 984 2896 de
1023 2849 1229 2898 natum
1257 2839 1450 2922 plebis
1474 2842 1743 2922 petebat,
1772 2839 2059 2921 producto
2098 2841 2308 2912 etiam,
2336 2849 2405 2899 ut
2428 2841 2617 2918 magis
2639 2839 2941 2920 popularis

695 2909 1000 2960 leumtr.
1027 2935 1346 3010 videretur,
1374 2937 1434 2996 in
1463 2937 1708 2998 comitia
1747 2935 2009 3017 quodam
2057 2936 2348 3016 Equitio⁸
2394 2936 2653 2996 libertini
2690 2933 2939 3007 ordinis,

693 3055 965 3220 ,ἕξ
1023 3030 1751 3210 ἱῑῗέῖέζὶῖξᾝζ
1778 3032 2215 3191 &33:333
2254 3031 2937 3211 ‘¹12332520ffl'2332

689 3233 820 3282 Flor.
1023 3247 1205 3307 quam
1227 3247 1402 3288 carus
1422 3226 1647 3307 populo
1673 3225 1875 3296 fuerit,
1902 3235 2028 3285 tum
2056 3227 2357 3309 praecipue
2384 3224 2771 3308 patefactum,
2798 3245 2936 3286 cum

693 3297 842 3415 ¹22¹:
856 3299 996 3352 ΜΨ
1023 3343 1062 3384 a
1087 3324 1369 3404 petitione
1397 3323 1602 3385 nolens
1622 3321 1905 3384 desistere
1917 3327 2091 3404 jussu
2114 3323 2189 3384 C.
2210 3323 2394 3384 Marii
2412 3322 2673 3384 consulis
2698 3324 2759 3382 in
2788 3324 2937 3404 pub-

1017 3419 1201 3482 licam
1223 3419 1554 3482 custodiam
1579 3421 1792 3480 ductus
1824 3429 1936 3480 est.
2018 3420 2213 3482 Plebs
2250 3422 2408 3481 enim
2440 3419 2715 3482 claustris
2734 3439 2935 3480 carce-

1019 3518 1100 3578 ris
1139 3517 1438 3580 convulsis
1483 3526 1743 3598 raptum,
1794 3517 2169 3599 humerisque
2219 3520 2339 3580 suis
2382 3527 2768 3600 reportatam,
2816 3537 2939 3578 una

1019 3633 1156 3678 cum
1187 3612 1258 3675 L.
1287 3603 1558 3695 Apuleio
1582 3614 1885 3674 tribunum
1908 3612 2071 3675 fecit.

1101 3718 1205 3771 24.
1247 3709 1405 3773 Tum
1430 3730 1572 3772 vero
1593 3711 1777 3772 semel
1804 3712 1995 3790 ruptis
2016 3711 2291 3772 omnibus
2316 3709 2545 3769 timoris
2566 3718 2631 3770 et
2654 3729 2935 3768 verecun-

1015 3807 1136 3870 diae
1171 3809 1450 3880 vinculis,
1476 3808 1777 3890 Apuleius
1810 3808 1981 3880 nihil,
2014 3807 2177 3888 quod
2212 3807 2411 3867 animo
2450 3827 2558 3866 sno
2598 3806 2933 3867 collibitum

1018 3915 1195 3978 esset,
1223 3916 1328 3968 aut
1351 3914 1520 3988 turpe
1556 3907 1845 3985 cogitatu,
1887 3915 1994 3966 aut
2030 3904 2281 3966 arduum
2312 3902 2475 3964 factu
2501 3913 2738 3985 putans,
2769 3903 2933 3964 aliud

1017 3999 1246 4064 facinus
1289 4017 1408 4064 non
1443 4003 1627 4064 modo
1668 4022 1911 4064 summoe
1958 4002 2247 4074 audaciae,
2294 4001 2401 4062 sed
2446 4002 2629 4062 etiam
2668 3999 2931 4082 exempli

1082 4250 1110 4287 ⁸
1149 4240 1364 4306 Equitio]
1411 4241 1571 4292 Hunc
1611 4241 1939 4292 subdititium
2014 4255 2092 4304 re,
2115 4255 2161 4291 c.
2187 4243 2271 4291 ³5.
2305 4241 2527 4290 alterurn
2555 4253 2737 4290 nomen
2776 4253 2929 4304 posu·

1019 4308 1314 4358 Gracchum
1355 4309 1441 4358 nli}
1497 4307 1794 4367 Quintium,
1851 4309 1939 4358 alii
2012 4313 2131 4356 eret
2166 4306 2570 4357 Freinshemius.
2638 4305 2770 4355 Ideo
2802 4305 2927 4354 illud

1017 4373 1282 4436 Equitium
1316 4380 1518 4423 vocant.
1593 4373 1695 4422 Hic
1731 4373 1940 4436 legeba-
2010 4373 2109 4420 hoc
2140 4373 2255 4423 loco
2290 4371 2641 4422 revocandum
2664 4371 2923 4421 duxi-us.

1021 4447 1106 4488 tur
1132 4437 1354 4495 Quintio.
1420 4438 1524 4489 Sed
1549 4438 1685 4489 libro
1708 4439 1939 4504 superio·
2015 4437 2158 4487 Creo.
