3225 5242
680 458 860 527 4254
1666 482 1737 533 r.
1783 480 1979 531 mvn

1013 631 1204 694 verat,
1231 629 1300 682 ut
1321 621 1530 684 decem
1553 624 1827 705 equitum
1854 622 2065 696 millia,
2092 622 2395 706 duplicem
2420 624 2687 705 peditum
2710 642 2909 685 nume-

1014 738 1142 779 rum
1167 720 1480 781 emitteret.
1565 719 1691 782 Sed
1714 730 1841 783 tum
1866 720 2191 782 interfectis
2216 729 2323 781 aut
2352 720 2496 801 fiiga
2518 721 2764 802 dilapsis
2786 720 2913 802 ple-

1015 816 1212 895 risque
1239 836 1388 897 quoe
1410 815 1727 879 Adherbal
1762 816 2071 888 eduxerat,
2098 818 2309 878 ceteris
2340 826 2501 877 metu
2542 818 2913 890 exanimatis,

691 1007 808 1058 s...
935 1042 940 1045 .
1019 912 2918 1090 rz‘zfigffsszz‘sst’ssiffimfffflssssffgssffffiffffiz

1021 1103 1140 1165 lem
1165 1100 1360 1167 studio
1384 1106 1662 1190 capiendi
1699 1104 1897 1167 aemuli
1934 1098 2329 1167 inflammatus
2354 1110 2775 1188 insequeretur,
2804 1126 2919 1168 non

1021 1202 1144 1261 eine
1169 1222 1274 1285 spe
1301 1204 1506 1265 urbem
1529 1202 1741 1264 eodem
1765 1203 2030 1264 victoriae
2056 1203 2277 1285 impetu
2304 1204 2364 1265 in
2390 1203 2753 1264 deditionem
2778 1222 2921 1263 ven·

995 1290 1237 1372 turam,
1272 1320 1313 1359 a
1351 1300 1640 1362 moenibus
1680 1299 1915 1381 repulit.
1999 1299 2184 1367 Quod
2212 1300 2331 1360 'nisi
2356 1309 2509 1360 esset
2529 1300 2779 1372 factum,
2806 1320 2927 1361 una

1021 1393 1150 1454 dies
1173 1395 1406 1456 initium
1425 1394 1691 1457 bellandi
1715 1395 1947 1456 duobus
1970 1395 2203 1475 regibus
2228 1394 2523 1477 finemque
2546 1396 2859 1457 attuliaeet.

697 1484 1001 1603 affligi-¹
1106 1499 1168 1553 4.
1211 1491 1255 1553 J
1256 1494 1529 1573 ugurtha
1557 1493 1661 1554 ubi
1699 1494 1923 1574 primus
1946 1503 2193 1554 conatus
2218 1492 2432 1553 frustra
2456 1492 2593 1564 fuit,
2620 1492 2927 1555 obsidione

986 1586 1258 1650 ‘Cirtam
1286 1588 1535 1661 claudit,
1555 1590 1947 1671 operibusque
1966 1590 2244 1650 excitatis
2256 1608 2485 1649 summa
2502 1590 2565 1649 vi
2590 1610 2929 1671 expugnare

1025 1684 1352 1758 contendit,
1380 1687 1721 1769 priusquam
1746 1684 1953 1747 Roma
1987 1686 2189 1747 venire
2216 1685 2395 1765 legati
2423 1695 2677 1767 possent.
2760 1685 2930 1747 Nam

1027 1782 1107 1843 ad
1132 1782 1546 1843 solicitandum
1569 1791 1841 1844 senatum
1874 1784 2080 1843 missos
2109 1783 2189 1843 ab
2214 1782 2563 1843 Adherbale
2597 1793 2791 1845 certos
2825 1784 2932 1845 ho-

1026 1880 1218 1940 mines
1242 1900 1365 1940 esee
1390 1889 1769 1959 cognoverat.
1856 1879 1951 1940 Eo
1976 1880 2163 1958 magis
2182 1879 2592 1941 maturandam
2616 1879 2933 1961 profectio-

1025 1996 1161 2036 nem
1187 1995 1356 2037 suam
1387 1974 1673 2037 Romana
1708 1976 1930 2057 legatio
1972 1977 2219 2037 censuit.
2303 1974 2475 2037 Nam
2492 1962 2589 2037 ‘de
2634 1976 2841 2059 praelio
2874 1986 2937 2039 et

1025 2074 1464 2154 oppugnatione
1483 2072 1693 2145 cirta,
1716 2072 1860 2134 dum
1885 2073 1997 2133 iter
2012 2070 2322 2143 adornant,
2343 2092 2685 2155 quanquam
2702 2074 2937 2135 mollio-

1028 2188 1098 2229 ra
1120 2189 1284 2241 vero,
1309 2189 1509 2230 rumor
1534 2169 1833 2230 attulerat.

1115 2272 1175 2326 5.
1221 2264 1444 2345 Neque
1469 2275 1669 2326 tamen
1698 2266 1825 2327 haec
1858 2264 2170 2344 diligentia
2203 2265 2526 2346 quicquam
2566 2243 2647 2325 ad
2681 2265 2938 2327 liberan-

1028 2360 1172 2422 dum
1206 2360 1619 2443 Adherbalem
1662 2362 1875 2423 valuit.
1958 2361 2153 2440 Cujus
2191 2378 2283 2421 ne'
2314 2360 2657 2442 appellandi
2696 2362 2939 2443 quidem

1030 2467 1322 2539 potestate
1373 2458 1556 2530 facta,
1611 2476 1951 2538 responsum
2000 2458 2123 2519 tale
2178 2458 2257 2517 ab
2300 2456 2601 2538 Jugurtha
2640 2457 2937 2519 tulerunt:

1033 2562 1052 2588 ‘
1073 2554 1187 2613 eibi
1205 2563 1442 2615 senatus
1459 2555 1867 2631 auctoritatem
1890 2572 2115 2635 semper
2138 2562 2405 2615 sanctam
2420 2553 2939 2634 inviolabilemque

1034 2648 1248 2726 fuisse:
1291 2670 1481 2731 neque
1506 2650 1670 2710 aliud
1698 2651 1777 2710 ab
1803 2648 2201 2711 adolescentia
2224 2648 2507 2722 studium,
2536 2668 2716 2730 quam
2744 2658 2815 2710 ut
2834 2670 2939 2731 op·-

907 2802 926 2809 -
1033 2746 1182 2807 timo
1206 2747 1421 2826 cuique
1445 2748 1707 2807 maxime
1724 2746 2089 2827 probaretur.
2176 2744 2302 2805 His
2320 2746 2547 2807 artibus
2570 2755 2631 2806 et
2656 2745 2742 2806 P.
2772 2744 2941 2805 Affi-

1035 2862 1188 2903 cano
1229 2862 1456 2903 summo
1495 2843 1624 2904 viro
1660 2842 1973 2923 placuisse,
2014 2850 2079 2901 et
2109 2840 2407 2922 Micipsae,
2441 2861 2482 2902 a
2510 2861 2651 2921 quo,
2689 2842 2835 2903 licet
2866 2862 2943 2903 ex

1034 2959 1100 2999 se
1126 2940 1353 3018 genitos
1378 2940 1645 3011 haberet,
1672 2940 1751 2999 ob
1778 2938 2055 2999 virtutem
2080 2947 2143 2999 et
2166 2940 2377 2999 merita
2400 2938 2580 3001 fuerit
2605 2937 2941 3019 adoptatis.

1039 3034 1166 3097 Sed
1191 3036 1552 3116 ejuscemodi
1575 3056 1771 3097 rerum
1795 3035 2061 3097 conscios
2086 3035 2313 3095 animos
2334 3034 2681 3116 plerumque
2700 3035 2945 3114 injuria-

1036 3150 1168 3193 rum
1213 3133 1587 3212 impatientes
1628 3128 1775 3192 fieri.
1860 3130 2276 3193 Adherbalem
2319 3132 2461 3192 vitae
2504 3150 2625 3191 suae
2666 3131 2948 3192 struxioee

1039 3228 1318 3290 insidias:
1363 3228 1424 3289 id
1448 3228 1642 3289 scelus
1672 3228 1850 3289 armis
1889 3227 2092 3290 ulcisci
2128 3236 2353 3289 certum
2388 3228 2501 3287 sibi
2526 3226 2949 3309 decretumque

1043 3344 1190 3384 esee.
1250 3325 1442 3384 Orare
1469 3345 1542 3383 ne
1569 3324 1825 3405 populus
1850 3322 2163 3384 Romanus
2179 3344 2242 3383 se
2264 3324 2598 3404 interponat
2609 3324 2950 3403 justissimae

1047 3420 1280 3493 ultioni,
1301 3442 1448 3481 neve
1474 3420 1538 3483 id
1563 3430 1747 3492 vetet,
1768 3420 1971 3501 quod'
1942 3441 2082 3500 Jure
2108 3420 2372 3499 gentium
2391 3420 2735 3501 permissum
2760 3421 2839 3482 sit
2860 3440 2949 3481 re-

1048 3518 1237 3597 gibus.
1319 3518 1662 3589 Postremo,
1688 3517 1765 3578 de
1792 3518 1965 3577 rebus
1988 3517 2259 3576 omnibus
2276 3515 2615 3597 propediem
2642 3536 2707 3576 se
2726 3516 2954 3596 legatos

1049 3613 1311 3676 Romam
1359 3616 1667 3677 missurum
1704 3634 1832 3675 esse
1849 3615 1866 3642 '
1906 3612 2239 3673 confirmat.
2324 3612 2431 3673 Sic
2464 3612 2631 3674 irrita
2652 3620 2718 3673 et
2762 3614 2953 3675 inania

1003 3730 1010 3735 ·
1047 3712 1162 3773 ista
1185 3710 1404 3791 legatio
1427 3710 1562 3772 fuit.

726 3812 877 3865 Diod.
1130 3814 1192 3869 6.
1238 3809 1382 3876 Qua
1405 3808 1688 3887 digressa,
1714 3828 1851 3869 cum
1885 3805 2167 3888 oppidum
2196 3815 2406 3866 natura
2432 3806 2549 3866 loci
2572 3807 2867 3881 validum,
2891 3811 2953 3871 vi

730 3910 848 3960 Sall.
1053 3906 1382 3987 expugnari
1409 3925 1526 3966 non
1552 3913 1770 3985 posset,
1795 3902 1959 3964 vallo
1984 3911 2161 3983 atque
2182 3901 2337 3962 fossa
2360 3902 2791 3965 circumdatur:
2832 3916 2953 3967 tur-

1056 4002 1329 4083 ribusque
1357 4003 1417 4061 in
1443 4002 1691 4065 circuitu
1716 4001 2031 4061 exstructis
2054 3997 2331 4079 praesidia
2349 3999 2726 4080 imponuntur
2748 4020 2765 4061 :
2808 4001 2955 4063 nihil

1056 4098 1348 4178 reliquum
1374 4098 1414 4156 J
1419 4098 1671 4176 ugurtha
1695 4096 1863 4167 facit,
1889 4097 2202 4176 quominus
2225 4094 2634 4156 confirmando
2656 4118 2815 4169 suos,
2842 4108 2957 4159 ter-

1057 4194 1239 4255 rendo
1265 4204 1368 4255 aut
1391 4192 1743 4254 solicitando
1757 4194 1977 4263 beaten,
1992 4192 2077 4263 vi,
2100 4190 2263 4263 dolo,
2290 4190 2516 4251 diurnis
2538 4196 2955 4275 nocturnisque

1058 4290 1388 4362 conatibus,
1417 4288 1552 4351 finis
1589 4290 1829 4369 negotio
1868 4289 2219 4370 imponatur.
2301 4284 2499 4354 Tanto
2532 4289 2957 4355 vehementiori
