<?xml version="1.0" encoding="UTF-8"?>
<!DOCTYPE html PUBLIC "-//W3C//DTD XHTML 1.0 Transitional//EN"
    "http://www.w3.org/TR/xhtml1/DTD/xhtml1-transitional.dtd">
<html xmlns="http://www.w3.org/1999/xhtml" xml:lang="en" lang="en">
 <head>
  <title>
</title>
<meta http-equiv="Content-Type" content="text/html;charset=utf-8" />
  <meta name='ocr-system' content='tesseract 3.04.00' />
  <meta name='ocr-capabilities' content='ocr_page ocr_carea ocr_par ocr_line ocrx_word'/>
</head>
<body>
  <div class='ocr_page' id='page_1' title='image "./tliviipatavinih36unkngoog_0204.png"; bbox 0 0 3225 5242; ppageno 0'>
   <div class='ocr_carea' id='block_1_1' title="bbox 754 510 2030 589">
    <p class='ocr_par' dir='ltr' id='par_1_1' title="bbox 754 510 2030 589">
     <span class='ocr_line' id='line_1_1' title="bbox 754 510 2030 589; baseline 0.004 -12"><span class='ocrx_word' id='word_1_1' title='bbox 754 514 930 583; x_wconf 80' lang='lat'>4150</span> <span class='ocrx_word' id='word_1_2' title='bbox 1278 510 1284 515; x_wconf 76' lang='grc'><strong>’</strong></span> <span class='ocrx_word' id='word_1_3' title='bbox 1716 536 1788 581; x_wconf 79' lang='grc' dir='ltr'><strong>τ.</strong></span> <span class='ocrx_word' id='word_1_4' title='bbox 1838 532 2030 589; x_wconf 72' lang='lat' dir='ltr'><strong>mvn</strong></span> 
     </span>
    </p>
   </div>
   <div class='ocr_carea' id='block_1_2' title="bbox 725 670 2993 4230">
    <p class='ocr_par' dir='ltr' id='par_1_2' title="bbox 725 670 2993 3843">
     <span class='ocr_line' id='line_1_2' title="bbox 782 670 2987 756; baseline -0.002 -17"><span class='ocrx_word' id='word_1_5' title='bbox 782 670 891 722; x_wconf 78' lang='lat' dir='ltr'><strong>cic.</strong></span> <span class='ocrx_word' id='word_1_6' title='bbox 913 671 974 719; x_wconf 58' lang='grc' dir='ltr'><strong>’ἃ</strong></span> <span class='ocrx_word' id='word_1_7' title='bbox 1157 678 1258 739; x_wconf 88' lang='grc'><strong>70.</strong></span> <span class='ocrx_word' id='word_1_8' title='bbox 1309 672 1396 733; x_wconf 89' lang='lat' dir='ltr'><strong>At</strong></span> <span class='ocrx_word' id='word_1_9' title='bbox 1440 671 1661 735; x_wconf 67' lang='lat' dir='ltr'><strong>Roma</strong></span> <span class='ocrx_word' id='word_1_10' title='bbox 1696 692 1846 737; x_wconf 77' lang='lat' dir='ltr'><strong>cunr</strong></span> <span class='ocrx_word' id='word_1_11' title='bbox 1864 676 1999 755; x_wconf 87' lang='lat' dir='ltr'><strong>jam</strong></span> <span class='ocrx_word' id='word_1_12' title='bbox 2046 672 2123 737; x_wconf 82' lang='lat' dir='ltr'><strong>G.</strong></span> <span class='ocrx_word' id='word_1_13' title='bbox 2171 672 2551 756; x_wconf 79' lang='lat' dir='ltr'>Sempronius</span> <span class='ocrx_word' id='word_1_14' title='bbox 2590 674 2666 737; x_wconf 83' lang='lat' dir='ltr'><strong>C.</strong></span> <span class='ocrx_word' id='word_1_15' title='bbox 2692 674 2763 737; x_wconf 80' lang='lat' dir='ltr'><strong>F.</strong></span> <span class='ocrx_word' id='word_1_16' title='bbox 2788 674 2865 737; x_wconf 85' lang='lat' dir='ltr'><strong>C.</strong></span> <span class='ocrx_word' id='word_1_17' title='bbox 2890 673 2987 735; x_wconf 88' lang='lat' dir='ltr'><strong>N.</strong></span> 
     </span>
     <span class='ocr_line' id='line_1_3' title="bbox 749 751 2991 853; baseline 0.001 -22"><span class='ocrx_word' id='word_1_18' title='bbox 749 801 834 849; x_wconf 74' lang='lat'><strong>⁸1.</strong></span> <span class='ocrx_word' id='word_1_19' title='bbox 893 751 926 783; x_wconf 75' lang='lat'>¹</span> <span class='ocrx_word' id='word_1_20' title='bbox 1072 768 1426 844; x_wconf 60' lang='lat' dir='ltr'><strong>Tudiffinus,</strong></span> <span class='ocrx_word' id='word_1_21' title='bbox 1443 772 1546 851; x_wconf 84' lang='lat' dir='ltr'><strong>qui</strong></span> <span class='ocrx_word' id='word_1_22' title='bbox 1571 780 1790 852; x_wconf 76' lang='lat' dir='ltr'><strong>praetor</strong></span> <span class='ocrx_word' id='word_1_23' title='bbox 1812 771 1894 832; x_wconf 90' lang='lat' dir='ltr'><strong>P.</strong></span> <span class='ocrx_word' id='word_1_24' title='bbox 1920 770 2213 852; x_wconf 90' lang='lat' dir='ltr'><strong>Popillio,</strong></span> <span class='ocrx_word' id='word_1_25' title='bbox 2231 770 2318 834; x_wconf 92' lang='lat' dir='ltr'><strong>P.</strong></span> <span class='ocrx_word' id='word_1_26' title='bbox 2338 772 2617 853; x_wconf 86' lang='lat' dir='ltr'><strong>Rupillio</strong></span> <span class='ocrx_word' id='word_1_27' title='bbox 2638 772 2991 833; x_wconf 83' lang='lat' dir='ltr'><strong>consulibus</strong></span> 
     </span>
     <span class='ocr_line' id='line_1_4' title="bbox 1073 866 2991 951; baseline 0.001 -24"><span class='ocrx_word' id='word_1_28' title='bbox 1073 866 1288 942; x_wconf 83' lang='lat' dir='ltr'><strong>fuerat,</strong></span> <span class='ocrx_word' id='word_1_29' title='bbox 1324 868 1695 930; x_wconf 85' lang='lat' dir='ltr'><strong>consulatum</strong></span> <span class='ocrx_word' id='word_1_30' title='bbox 1730 888 1869 929; x_wconf 86' lang='lat' dir='ltr'><strong>cum</strong></span> <span class='ocrx_word' id='word_1_31' title='bbox 1895 868 1989 929; x_wconf 87' lang='grc' dir='ltr'><strong>Μ.</strong></span> <span class='ocrx_word' id='word_1_32' title='bbox 2022 868 2303 951; x_wconf 88' lang='lat' dir='ltr'><strong>Aquillio</strong></span> <span class='ocrx_word' id='word_1_33' title='bbox 2343 869 2436 930; x_wconf 88' lang='lat' dir='ltr'><strong>M.</strong></span> <span class='ocrx_word' id='word_1_34' title='bbox 2468 869 2539 929; x_wconf 91' lang='lat' dir='ltr'><strong>F.</strong></span> <span class='ocrx_word' id='word_1_35' title='bbox 2570 870 2666 929; x_wconf 93' lang='lat' dir='ltr'><strong>M.</strong></span> <span class='ocrx_word' id='word_1_36' title='bbox 2697 868 2789 931; x_wconf 89' lang='lat' dir='ltr'><strong>N.</strong></span> <span class='ocrx_word' id='word_1_37' title='bbox 2816 870 2991 930; x_wconf 87' lang='lat' dir='ltr'><strong>iniis-</strong></span> 
     </span>
     <span class='ocr_line' id='line_1_5' title="bbox 778 961 2993 1046; baseline 0.001 -21"><span class='ocrx_word' id='word_1_38' title='bbox 778 961 962 1013; x_wconf 76' lang='lat' dir='ltr'><strong>sustin.</strong></span> <span class='ocrx_word' id='word_1_39' title='bbox 1071 972 1217 1036; x_wconf 68' lang='lat' dir='ltr'><strong>set,‘</strong></span> <span class='ocrx_word' id='word_1_40' title='bbox 1261 964 1597 1046; x_wconf 74' lang='lat' dir='ltr'>Aquillius,</span> <span class='ocrx_word' id='word_1_41' title='bbox 1633 966 1732 1025; x_wconf 91' lang='lat' dir='ltr'><strong>cui</strong></span> <span class='ocrx_word' id='word_1_42' title='bbox 1762 964 1929 1025; x_wconf 77' lang='lat' dir='ltr'><strong>Asioe</strong></span> <span class='ocrx_word' id='word_1_43' title='bbox 1964 984 2091 1027; x_wconf 82' lang='lat' dir='ltr'><strong>sors</strong></span> <span class='ocrx_word' id='word_1_44' title='bbox 2130 974 2433 1039; x_wconf 78' lang='lat' dir='ltr'><strong>evenerat,</strong></span> <span class='ocrx_word' id='word_1_45' title='bbox 2470 966 2733 1028; x_wconf 86' lang='lat' dir='ltr'><strong>nondum</strong></span> <span class='ocrx_word' id='word_1_46' title='bbox 2776 966 2993 1029; x_wconf 84' lang='lat' dir='ltr'><strong>audita</strong></span> 
     </span>
     <span class='ocr_line' id='line_1_6' title="bbox 871 1042 2991 1145; baseline 0.002 -24"><span class='ocrx_word' id='word_1_47' title='bbox 871 1042 946 1077; x_wconf 56' lang='grc' dir='ltr'><strong>ῃ·</strong></span> <span class='ocrx_word' id='word_1_48' title='bbox 1003 1060 1018 1076; x_wconf 83' lang='grc'><strong>’</strong></span> <span class='ocrx_word' id='word_1_49' title='bbox 1069 1060 1374 1123; x_wconf 85' lang='lat' dir='ltr'><strong>deditione</strong></span> <span class='ocrx_word' id='word_1_50' title='bbox 1403 1062 1759 1135; x_wconf 74' lang='lat' dir='ltr'><strong>Aristonici,</strong></span> <span class='ocrx_word' id='word_1_51' title='bbox 1785 1070 1855 1123; x_wconf 93' lang='lat' dir='ltr'><strong>ut</strong></span> <span class='ocrx_word' id='word_1_52' title='bbox 1894 1061 2089 1133; x_wconf 86' lang='lat' dir='ltr'><strong>illum,</strong></span> <span class='ocrx_word' id='word_1_53' title='bbox 2130 1064 2303 1144; x_wconf 86' lang='lat' dir='ltr'><strong>quasi</strong></span> <span class='ocrx_word' id='word_1_54' title='bbox 2338 1084 2447 1124; x_wconf 90' lang='lat' dir='ltr'><strong>suo</strong></span> <span class='ocrx_word' id='word_1_55' title='bbox 2477 1066 2777 1145; x_wconf 84' lang='lat' dir='ltr'><strong>triumpho</strong></span> <span class='ocrx_word' id='word_1_56' title='bbox 2810 1064 2991 1126; x_wconf 89' lang='lat' dir='ltr'><strong>debi-</strong></span> 
     </span>
     <span class='ocr_line' id='line_1_7' title="bbox 1069 1157 2987 1241; baseline 0.002 -24"><span class='ocrx_word' id='word_1_57' title='bbox 1069 1166 1218 1230; x_wconf 86' lang='lat' dir='ltr'><strong>tum,</strong></span> <span class='ocrx_word' id='word_1_58' title='bbox 1248 1157 1574 1239; x_wconf 80' lang='lat' dir='ltr'><strong>Perpernae</strong></span> <span class='ocrx_word' id='word_1_59' title='bbox 1614 1158 1889 1239; x_wconf 84' lang='lat' dir='ltr'><strong>eriperet,</strong></span> <span class='ocrx_word' id='word_1_60' title='bbox 1916 1160 2147 1239; x_wconf 76' lang='lat' dir='ltr'><strong>magnis</strong></span> <span class='ocrx_word' id='word_1_61' title='bbox 2188 1160 2493 1220; x_wconf 77' lang='lat' dir='ltr'><strong>itineribus</strong></span> <span class='ocrx_word' id='word_1_62' title='bbox 2516 1161 2579 1219; x_wconf 89' lang='lat' dir='ltr'><strong>in</strong></span> <span class='ocrx_word' id='word_1_63' title='bbox 2611 1161 2987 1241; x_wconf 81' lang='lat' dir='ltr'><strong>provinciam</strong></span> 
     </span>
     <span class='ocr_line' id='line_1_8' title="bbox 974 1253 2987 1336; baseline 0.001 -22"><span class='ocrx_word' id='word_1_64' title='bbox 974 1284 984 1290; x_wconf 94' lang='lat'><em>·</em></span> <span class='ocrx_word' id='word_1_65' title='bbox 1067 1253 1406 1315; x_wconf 70' lang='lat' dir='ltr'><strong>festinabat.</strong></span> <span class='ocrx_word' id='word_1_66' title='bbox 1489 1253 1715 1335; x_wconf 85' lang='lat' dir='ltr'><strong>Neque</strong></span> <span class='ocrx_word' id='word_1_67' title='bbox 1743 1253 2057 1335; x_wconf 87' lang='lat' dir='ltr'><strong>Perperna</strong></span> <span class='ocrx_word' id='word_1_68' title='bbox 2082 1274 2207 1317; x_wconf 87' lang='lat' dir='ltr'><strong>rem</strong></span> <span class='ocrx_word' id='word_1_69' title='bbox 2242 1274 2425 1336; x_wconf 84' lang='lat' dir='ltr'><strong>prope</strong></span> <span class='ocrx_word' id='word_1_70' title='bbox 2449 1253 2783 1316; x_wconf 80' lang='lat' dir='ltr'><strong>confectam</strong></span> <span class='ocrx_word' id='word_1_71' title='bbox 2811 1256 2987 1319; x_wconf 76' lang='lat' dir='ltr'><strong>vide-</strong></span> 
     </span>
     <span class='ocr_line' id='line_1_9' title="bbox 1065 1350 2985 1431; baseline 0.002 -22"><span class='ocrx_word' id='word_1_72' title='bbox 1065 1350 1242 1410; x_wconf 86' lang='lat' dir='ltr'><strong>batur</strong></span> <span class='ocrx_word' id='word_1_73' title='bbox 1265 1350 1627 1423; x_wconf 82' lang='lat' dir='ltr'><strong>dimissurus,</strong></span> <span class='ocrx_word' id='word_1_74' title='bbox 1654 1352 2203 1431; x_wconf 73' lang='lat' dir='ltr'><strong>expectabatur-que</strong></span> <span class='ocrx_word' id='word_1_75' title='bbox 2227 1350 2435 1431; x_wconf 85' lang='lat' dir='ltr'><strong>aliqua</strong></span> <span class='ocrx_word' id='word_1_76' title='bbox 2458 1352 2613 1411; x_wconf 87' lang='lat' dir='ltr'><strong>inter</strong></span> <span class='ocrx_word' id='word_1_77' title='bbox 2630 1350 2815 1412; x_wconf 81' lang='lat' dir='ltr'><strong>duces</strong></span> <span class='ocrx_word' id='word_1_78' title='bbox 2844 1351 2985 1413; x_wconf 84' lang='lat' dir='ltr'><strong>Ro-</strong></span> 
     </span>
     <span class='ocr_line' id='line_1_10' title="bbox 1064 1443 2985 1527; baseline 0.002 -22"><span class='ocrx_word' id='word_1_79' title='bbox 1064 1465 1272 1507; x_wconf 84' lang='lat' dir='ltr'><strong>manos</strong></span> <span class='ocrx_word' id='word_1_80' title='bbox 1319 1443 1636 1507; x_wconf 85' lang='lat' dir='ltr'><strong>discordia.</strong></span> <span class='ocrx_word' id='word_1_81' title='bbox 1720 1444 1847 1507; x_wconf 87' lang='lat' dir='ltr'><strong>Sed</strong></span> <span class='ocrx_word' id='word_1_82' title='bbox 1894 1446 2133 1507; x_wconf 78' lang='lat' dir='ltr'><strong>formna</strong></span> <span class='ocrx_word' id='word_1_83' title='bbox 2180 1448 2515 1527; x_wconf 75' lang='lat' dir='ltr'><strong>composuit</strong></span> <span class='ocrx_word' id='word_1_84' title='bbox 2563 1446 2755 1521; x_wconf 82' lang='lat' dir='ltr'><strong>litem,</strong></span> <span class='ocrx_word' id='word_1_85' title='bbox 2803 1445 2985 1513; x_wconf 73' lang='lat' dir='ltr'><strong>alteri</strong></span> 
     </span>
     <span class='ocr_line' id='line_1_11' title="bbox 1064 1540 2981 1624; baseline 0.002 -23"><span class='ocrx_word' id='word_1_86' title='bbox 1064 1541 1267 1621; x_wconf 64' lang='lat' dir='ltr'><strong>gloriar</strong></span> <span class='ocrx_word' id='word_1_87' title='bbox 1316 1540 1647 1611; x_wconf 85' lang='lat' dir='ltr'><strong>indebitum</strong></span> <span class='ocrx_word' id='word_1_88' title='bbox 1706 1541 1987 1614; x_wconf 79' lang='lat' dir='ltr'><strong>fructum,</strong></span> <span class='ocrx_word' id='word_1_89' title='bbox 2042 1541 2217 1603; x_wconf 79' lang='lat' dir='ltr'><strong>alteri</strong></span> <span class='ocrx_word' id='word_1_90' title='bbox 2283 1544 2469 1603; x_wconf 82' lang='lat' dir='ltr'><strong>vitam</strong></span> <span class='ocrx_word' id='word_1_91' title='bbox 2536 1544 2981 1624; x_wconf 77' lang='lat' dir='ltr'><strong>extorquendo.</strong></span> 
     </span>
     <span class='ocr_line' id='line_1_12' title="bbox 1064 1635 2984 1719; baseline 0.004 -22"><span class='ocrx_word' id='word_1_92' title='bbox 1064 1635 1237 1698; x_wconf 86' lang='lat' dir='ltr'><strong>Nam</strong></span> <span class='ocrx_word' id='word_1_93' title='bbox 1273 1646 1338 1697; x_wconf 91' lang='lat' dir='ltr'><strong>et</strong></span> <span class='ocrx_word' id='word_1_94' title='bbox 1377 1636 1458 1698; x_wconf 89' lang='lat' dir='ltr'><strong>ad</strong></span> <span class='ocrx_word' id='word_1_95' title='bbox 1497 1638 1913 1699; x_wconf 77' lang='lat' dir='ltr'><strong>Aristonicum</strong></span> <span class='ocrx_word' id='word_1_96' title='bbox 1950 1657 2113 1699; x_wconf 87' lang='lat' dir='ltr'><strong>serus</strong></span> <span class='ocrx_word' id='word_1_97' title='bbox 2158 1637 2369 1701; x_wconf 85' lang='lat' dir='ltr'><strong>consul</strong></span> <span class='ocrx_word' id='word_1_98' title='bbox 2410 1638 2595 1711; x_wconf 84' lang='lat' dir='ltr'><strong>venit,</strong></span> <span class='ocrx_word' id='word_1_99' title='bbox 2626 1660 2801 1719; x_wconf 87' lang='lat' dir='ltr'><strong>quem</strong></span> <span class='ocrx_word' id='word_1_100' title='bbox 2836 1660 2984 1704; x_wconf 84' lang='lat' dir='ltr'><strong>cum</strong></span> 
     </span>
     <span class='ocr_line' id='line_1_13' title="bbox 739 1731 2979 1814; baseline 0.003 -25"><span class='ocrx_word' id='word_1_101' title='bbox 739 1738 940 1803; x_wconf 81' lang='lat' dir='ltr'><strong>Eun-op.</strong></span> <span class='ocrx_word' id='word_1_102' title='bbox 963 1754 1040 1789; x_wconf 77' lang='grc' dir='ltr'><strong>ιν.</strong></span> <span class='ocrx_word' id='word_1_103' title='bbox 1065 1732 1358 1795; x_wconf 70' lang='lat' dir='ltr'><strong>Attalicis</strong></span> <span class='ocrx_word' id='word_1_104' title='bbox 1381 1733 1673 1795; x_wconf 75' lang='lat' dir='ltr'><strong>thesauris</strong></span> <span class='ocrx_word' id='word_1_105' title='bbox 1698 1731 1962 1793; x_wconf 86' lang='lat' dir='ltr'><strong>Romam</strong></span> <span class='ocrx_word' id='word_1_106' title='bbox 1990 1732 2299 1814; x_wconf 85' lang='lat' dir='ltr'><strong>Perperna</strong></span> <span class='ocrx_word' id='word_1_107' title='bbox 2325 1734 2719 1814; x_wconf 78' lang='lat' dir='ltr'><strong>proemiserat:</strong></span> <span class='ocrx_word' id='word_1_108' title='bbox 2762 1742 2825 1795; x_wconf 90' lang='lat' dir='ltr'><strong>et</strong></span> <span class='ocrx_word' id='word_1_109' title='bbox 2850 1735 2979 1807; x_wconf 88' lang='lat' dir='ltr'><strong>hic,</strong></span> 
     </span>
     <span class='ocr_line' id='line_1_14' title="bbox 736 1804 2980 1930; baseline 0.001 -40"><span class='ocrx_word' id='word_1_110' title='bbox 736 1804 1021 1930; x_wconf 49' lang='lat' dir='ltr'><strong>psffigmv</strong></span> <span class='ocrx_word' id='word_1_111' title='bbox 1020 1830 1372 1910; x_wconf 84' lang='lat' dir='ltr'><strong>&#39;provincia</strong></span> <span class='ocrx_word' id='word_1_112' title='bbox 1395 1828 1710 1900; x_wconf 83' lang='lat' dir='ltr'><strong>decedens,</strong></span> <span class='ocrx_word' id='word_1_113' title='bbox 1736 1848 1873 1891; x_wconf 90' lang='lat' dir='ltr'><strong>cum</strong></span> <span class='ocrx_word' id='word_1_114' title='bbox 1900 1828 2267 1907; x_wconf 73' lang='lat' dir='ltr'><strong>Pergamum</strong></span> <span class='ocrx_word' id='word_1_115' title='bbox 2294 1830 2573 1902; x_wconf 79' lang='lat' dir='ltr'><strong>venisset,</strong></span> <span class='ocrx_word' id='word_1_116' title='bbox 2610 1832 2815 1891; x_wconf 86' lang='lat' dir='ltr'><strong>morbo</strong></span> <span class='ocrx_word' id='word_1_117' title='bbox 2840 1850 2980 1892; x_wconf 85' lang='lat' dir='ltr'><strong>eor-</strong></span> 
     </span>
     <span class='ocr_line' id='line_1_15' title="bbox 737 1924 2977 2005; baseline 0.003 -24"><span class='ocrx_word' id='word_1_118' title='bbox 737 1932 836 1981; x_wconf 81' lang='lat' dir='ltr'><strong>Oro</strong></span> <span class='ocrx_word' id='word_1_119' title='bbox 891 1937 1040 1985; x_wconf 85' lang='lat'><strong>.10.</strong></span> <span class='ocrx_word' id='word_1_120' title='bbox 1061 1934 1262 2005; x_wconf 87' lang='lat' dir='ltr'><strong>reptus</strong></span> <span class='ocrx_word' id='word_1_121' title='bbox 1278 1925 1476 1987; x_wconf 81' lang='lat' dir='ltr'><strong>vivere</strong></span> <span class='ocrx_word' id='word_1_122' title='bbox 1499 1925 1695 1985; x_wconf 84' lang='lat' dir='ltr'><strong>desiit.</strong></span> <span class='ocrx_word' id='word_1_123' title='bbox 1748 1924 2199 2005; x_wconf 76' lang='lat' dir='ltr'><strong>Maturavitque</strong></span> <span class='ocrx_word' id='word_1_124' title='bbox 2224 1926 2355 2005; x_wconf 87' lang='lat' dir='ltr'><strong>ejus</strong></span> <span class='ocrx_word' id='word_1_125' title='bbox 2373 1943 2533 1986; x_wconf 84' lang='lat' dir='ltr'><strong>mors</strong></span> <span class='ocrx_word' id='word_1_126' title='bbox 2554 1934 2617 1985; x_wconf 89' lang='lat' dir='ltr'><strong>et</strong></span> <span class='ocrx_word' id='word_1_127' title='bbox 2642 1926 2977 1989; x_wconf 76' lang='lat' dir='ltr'><strong>Aristonici</strong></span> 
     </span>
     <span class='ocr_line' id='line_1_16' title="bbox 1060 2019 2976 2109; baseline 0.002 -28"><span class='ocrx_word' id='word_1_128' title='bbox 1060 2020 1268 2081; x_wconf 80' lang='lat' dir='ltr'><strong>fatum.</strong></span> <span class='ocrx_word' id='word_1_129' title='bbox 1351 2021 1534 2088; x_wconf 80' lang='lat' dir='ltr'><strong>Quod</strong></span> <span class='ocrx_word' id='word_1_130' title='bbox 1557 2022 1719 2082; x_wconf 88' lang='lat' dir='ltr'><strong>enim</strong></span> <span class='ocrx_word' id='word_1_131' title='bbox 1754 2020 1939 2082; x_wconf 85' lang='lat' dir='ltr'><strong>alium</strong></span> <span class='ocrx_word' id='word_1_132' title='bbox 1976 2019 2053 2083; x_wconf 86' lang='lat' dir='ltr'><strong>de</strong></span> <span class='ocrx_word' id='word_1_133' title='bbox 2090 2041 2163 2082; x_wconf 88' lang='lat' dir='ltr'><strong>eo</strong></span> <span class='ocrx_word' id='word_1_134' title='bbox 2200 2022 2601 2109; x_wconf 68' lang='lat' dir='ltr'><strong>triumphare</strong></span> <span class='ocrx_word' id='word_1_135' title='bbox 2585 2024 2855 2103; x_wconf 72' lang='lat' dir='ltr'><strong>iniquum</strong></span> <span class='ocrx_word' id='word_1_136' title='bbox 2880 2026 2976 2087; x_wconf 81' lang='lat' dir='ltr'><strong>vi-</strong></span> 
     </span>
     <span class='ocr_line' id='line_1_17' title="bbox 1059 2116 2659 2199; baseline 0.001 -21"><span class='ocrx_word' id='word_1_137' title='bbox 1059 2116 1299 2179; x_wconf 75' lang='lat' dir='ltr'><strong>deretur</strong></span> <span class='ocrx_word' id='word_1_138' title='bbox 1301 2120 1500 2197; x_wconf 64' lang='lat' dir='ltr'><strong>,jusu</strong></span> <span class='ocrx_word' id='word_1_139' title='bbox 1525 2127 1764 2179; x_wconf 88' lang='lat' dir='ltr'><strong>senatus</strong></span> <span class='ocrx_word' id='word_1_140' title='bbox 1786 2119 1847 2178; x_wconf 90' lang='lat' dir='ltr'><strong>in</strong></span> <span class='ocrx_word' id='word_1_141' title='bbox 1872 2138 2108 2179; x_wconf 86' lang='lat' dir='ltr'><strong>carcere</strong></span> <span class='ocrx_word' id='word_1_142' title='bbox 2132 2118 2533 2199; x_wconf 68' lang='lat' dir='ltr'><strong>strangulatus</strong></span> <span class='ocrx_word' id='word_1_143' title='bbox 2550 2129 2659 2180; x_wconf 84' lang='lat' dir='ltr'><strong>est.</strong></span> 
     </span>
     <span class='ocr_line' id='line_1_18' title="bbox 766 2214 2975 2297; baseline -0 -19"><span class='ocrx_word' id='word_1_144' title='bbox 766 2219 815 2267; x_wconf 83' lang='lat' dir='ltr'>V</span> <span class='ocrx_word' id='word_1_145' title='bbox 817 2220 880 2270; x_wconf 71' lang='lat'><strong>⁸¹·</strong></span> <span class='ocrx_word' id='word_1_146' title='bbox 894 2219 1035 2271; x_wconf 73' lang='lat' dir='ltr'><strong>Mu.</strong></span> <span class='ocrx_word' id='word_1_147' title='bbox 1142 2222 1242 2280; x_wconf 86' lang='lat'><strong>71.</strong></span> <span class='ocrx_word' id='word_1_148' title='bbox 1286 2214 1434 2276; x_wconf 84' lang='lat' dir='ltr'><strong>Non</strong></span> <span class='ocrx_word' id='word_1_149' title='bbox 1481 2215 1695 2276; x_wconf 85' lang='lat' dir='ltr'><strong>desunt</strong></span> <span class='ocrx_word' id='word_1_150' title='bbox 1736 2224 1960 2286; x_wconf 87' lang='lat' dir='ltr'><strong>tamen,</strong></span> <span class='ocrx_word' id='word_1_151' title='bbox 2004 2215 2107 2296; x_wconf 92' lang='lat' dir='ltr'><strong>qui</strong></span> <span class='ocrx_word' id='word_1_152' title='bbox 2158 2215 2545 2297; x_wconf 73' lang='lat' dir='ltr'><strong>triumphasse</strong></span> <span class='ocrx_word' id='word_1_153' title='bbox 2578 2215 2975 2297; x_wconf 87' lang='lat' dir='ltr'><strong>Perpernam</strong></span> 
     </span>
     <span class='ocr_line' id='line_1_19' title="bbox 731 2290 2973 2401; baseline 0 -29"><span class='ocrx_word' id='word_1_154' title='bbox 731 2348 774 2396; x_wconf 79' lang='lat' dir='ltr'><strong>v</strong></span> <span class='ocrx_word' id='word_1_155' title='bbox 758 2290 927 2398; x_wconf 60' lang='lat'><strong>“11⁴2¹</strong></span> <span class='ocrx_word' id='word_1_156' title='bbox 923 2294 1021 2401; x_wconf 42' lang='grc' dir='ltr'><strong>ἢ</strong></span> <span class='ocrx_word' id='word_1_157' title='bbox 1059 2310 1284 2373; x_wconf 82' lang='lat' dir='ltr'><strong>velint:</strong></span> <span class='ocrx_word' id='word_1_158' title='bbox 1325 2312 1430 2373; x_wconf 84' lang='lat' dir='ltr'><strong>sed</strong></span> <span class='ocrx_word' id='word_1_159' title='bbox 1457 2313 1737 2392; x_wconf 87' lang='lat' dir='ltr'><strong>quoniam</strong></span> <span class='ocrx_word' id='word_1_160' title='bbox 1764 2310 2003 2373; x_wconf 75' lang='lat' dir='ltr'><strong>facilius</strong></span> <span class='ocrx_word' id='word_1_161' title='bbox 2027 2312 2089 2373; x_wconf 85' lang='lat' dir='ltr'><strong>bi</strong></span> <span class='ocrx_word' id='word_1_162' title='bbox 2118 2332 2309 2373; x_wconf 87' lang='lat' dir='ltr'><strong>errare</strong></span> <span class='ocrx_word' id='word_1_163' title='bbox 2336 2322 2671 2395; x_wconf 87' lang='lat' dir='ltr'><strong>potuerunt,</strong></span> <span class='ocrx_word' id='word_1_164' title='bbox 2700 2312 2835 2393; x_wconf 85' lang='lat' dir='ltr'><strong>plus</strong></span> <span class='ocrx_word' id='word_1_165' title='bbox 2860 2314 2973 2373; x_wconf 79' lang='lat' dir='ltr'><strong>ba-</strong></span> 
     </span>
     <span class='ocr_line' id='line_1_20' title="bbox 1061 2406 2976 2477; baseline 0.001 -8"><span class='ocrx_word' id='word_1_166' title='bbox 1061 2408 1200 2468; x_wconf 87' lang='lat' dir='ltr'><strong>bere</strong></span> <span class='ocrx_word' id='word_1_167' title='bbox 1250 2407 1394 2469; x_wconf 82' lang='lat' dir='ltr'><strong>fidei</strong></span> <span class='ocrx_word' id='word_1_168' title='bbox 1447 2408 1820 2469; x_wconf 74' lang='lat' dir='ltr'><strong>accuratiora</strong></span> <span class='ocrx_word' id='word_1_169' title='bbox 1866 2406 2241 2469; x_wconf 75' lang='lat' dir='ltr'><strong>tradentibus</strong></span> <span class='ocrx_word' id='word_1_170' title='bbox 2302 2408 2505 2471; x_wconf 87' lang='lat' dir='ltr'><strong>debui.</strong></span> <span class='ocrx_word' id='word_1_171' title='bbox 2589 2409 2774 2477; x_wconf 79' lang='lat' dir='ltr'><strong>Quod</strong></span> <span class='ocrx_word' id='word_1_172' title='bbox 2824 2412 2976 2471; x_wconf 84' lang='lat' dir='ltr'><strong>satis</strong></span> 
     </span>
     <span class='ocr_line' id='line_1_21' title="bbox 731 2504 2969 2587; baseline 0.004 -26"><span class='ocrx_word' id='word_1_173' title='bbox 731 2509 845 2561; x_wconf 78' lang='lat' dir='ltr'><strong>Flor</strong></span> <span class='ocrx_word' id='word_1_174' title='bbox 820 2526 894 2563; x_wconf 78' lang='grc' dir='ltr'><strong>ιι.</strong></span> <span class='ocrx_word' id='word_1_175' title='bbox 877 2516 1035 2563; x_wconf 67' lang='lat' dir='ltr'><strong>mse.</strong></span> <span class='ocrx_word' id='word_1_176' title='bbox 1058 2514 1314 2578; x_wconf 80' lang='lat' dir='ltr'><strong>constat,</strong></span> <span class='ocrx_word' id='word_1_177' title='bbox 1359 2505 1641 2587; x_wconf 76' lang='lat' dir='ltr'><strong>reliquias</strong></span> <span class='ocrx_word' id='word_1_178' title='bbox 1685 2504 1947 2565; x_wconf 74' lang='lat' dir='ltr'><strong>Asiatici</strong></span> <span class='ocrx_word' id='word_1_179' title='bbox 1986 2505 2135 2567; x_wconf 81' lang='lat' dir='ltr'><strong>belli</strong></span> <span class='ocrx_word' id='word_1_180' title='bbox 2179 2504 2272 2566; x_wconf 90' lang='lat' dir='ltr'><strong>M.</strong></span> <span class='ocrx_word' id='word_1_181' title='bbox 2307 2505 2623 2587; x_wconf 85' lang='lat' dir='ltr'><strong>Aquillius</strong></span> <span class='ocrx_word' id='word_1_182' title='bbox 2666 2505 2969 2569; x_wconf 78' lang='lat' dir='ltr'><strong>confecit:</strong></span> 
     </span>
     <span class='ocr_line' id='line_1_22' title="bbox 1059 2600 2971 2684; baseline 0.002 -23"><span class='ocrx_word' id='word_1_183' title='bbox 1059 2601 1364 2684; x_wconf 85' lang='lat' dir='ltr'><strong>aliquanto</strong></span> <span class='ocrx_word' id='word_1_184' title='bbox 1399 2603 1612 2663; x_wconf 86' lang='lat' dir='ltr'><strong>minori</strong></span> <span class='ocrx_word' id='word_1_185' title='bbox 1651 2600 1852 2674; x_wconf 86' lang='lat' dir='ltr'><strong>laude,</strong></span> <span class='ocrx_word' id='word_1_186' title='bbox 1888 2601 2051 2681; x_wconf 89' lang='lat' dir='ltr'><strong>quod</strong></span> <span class='ocrx_word' id='word_1_187' title='bbox 2087 2600 2167 2663; x_wconf 85' lang='lat' dir='ltr'><strong>ad</strong></span> <span class='ocrx_word' id='word_1_188' title='bbox 2202 2602 2567 2663; x_wconf 84' lang='lat' dir='ltr'><strong>deditionem</strong></span> <span class='ocrx_word' id='word_1_189' title='bbox 2592 2604 2971 2683; x_wconf 83' lang='lat' dir='ltr'><strong>quarundam</strong></span> 
     </span>
     <span class='ocr_line' id='line_1_23' title="bbox 1053 2698 2767 2761; baseline 0.002 -3"><span class='ocrx_word' id='word_1_190' title='bbox 1053 2700 1363 2760; x_wconf 77' lang='lat' dir='ltr'><strong>civitatum</strong></span> <span class='ocrx_word' id='word_1_191' title='bbox 1389 2698 1801 2760; x_wconf 83' lang='lat' dir='ltr'><strong>maturandam</strong></span> <span class='ocrx_word' id='word_1_192' title='bbox 1826 2698 2091 2760; x_wconf 81' lang='lat' dir='ltr'><strong>fontibus</strong></span> <span class='ocrx_word' id='word_1_193' title='bbox 2114 2719 2405 2761; x_wconf 78' lang='lat' dir='ltr'><strong>venenum</strong></span> <span class='ocrx_word' id='word_1_194' title='bbox 2432 2700 2767 2761; x_wconf 83' lang='lat' dir='ltr'><strong>miscuerat.</strong></span> 
     </span>
     <span class='ocr_line' id='line_1_24' title="bbox 725 2795 2965 2875; baseline 0.005 -28"><span class='ocrx_word' id='word_1_195' title='bbox 725 2798 832 2852; x_wconf 77' lang='lat' dir='ltr'><strong>Liv.</strong></span> <span class='ocrx_word' id='word_1_196' title='bbox 861 2800 954 2867; x_wconf 81' lang='lat' dir='ltr'><strong>Epi</strong></span> <span class='ocrx_word' id='word_1_197' title='bbox 938 2809 997 2851; x_wconf 82' lang='grc' dir='ltr'><strong>ι.ι</strong></span> <span class='ocrx_word' id='word_1_198' title='bbox 1135 2802 1235 2859; x_wconf 76' lang='lat'><strong>72.</strong></span> <span class='ocrx_word' id='word_1_199' title='bbox 1279 2796 1354 2856; x_wconf 89' lang='lat' dir='ltr'><strong>Iu</strong></span> <span class='ocrx_word' id='word_1_200' title='bbox 1381 2797 1525 2856; x_wconf 89' lang='lat' dir='ltr'><strong>urbe</strong></span> <span class='ocrx_word' id='word_1_201' title='bbox 1553 2817 1646 2856; x_wconf 81' lang='lat' dir='ltr'><strong>res</strong></span> <span class='ocrx_word' id='word_1_202' title='bbox 1670 2795 1865 2857; x_wconf 88' lang='lat' dir='ltr'><strong>adhuc</strong></span> <span class='ocrx_word' id='word_1_203' title='bbox 1890 2796 2250 2857; x_wconf 79' lang='lat' dir='ltr'><strong>turbulentae</strong></span> <span class='ocrx_word' id='word_1_204' title='bbox 2274 2804 2464 2866; x_wconf 88' lang='lat' dir='ltr'><strong>erant,</strong></span> <span class='ocrx_word' id='word_1_205' title='bbox 2491 2796 2919 2875; x_wconf 83' lang='lat' dir='ltr'><strong>gliscentibus</strong></span> <span class='ocrx_word' id='word_1_206' title='bbox 2902 2818 2965 2859; x_wconf 84' lang='grc' dir='ltr'><strong>ιιι</strong></span> 
     </span>
     <span class='ocr_line' id='line_1_25' title="bbox 1050 2890 2963 2975; baseline 0.002 -24"><span class='ocrx_word' id='word_1_207' title='bbox 1050 2890 1176 2953; x_wconf 60' lang='lat' dir='ltr'><strong>dies</strong></span> <span class='ocrx_word' id='word_1_208' title='bbox 1195 2892 1524 2953; x_wconf 83' lang='lat' dir='ltr'><strong>tribuniciae</strong></span> <span class='ocrx_word' id='word_1_209' title='bbox 1548 2890 1853 2953; x_wconf 86' lang='lat' dir='ltr'><strong>seditionis</strong></span> <span class='ocrx_word' id='word_1_210' title='bbox 1867 2891 2192 2975; x_wconf 76' lang='lat' dir='ltr'><strong>fomitibus.</strong></span> <span class='ocrx_word' id='word_1_211' title='bbox 2237 2891 2396 2953; x_wconf 83' lang='lat' dir='ltr'><strong>Cum</strong></span> <span class='ocrx_word' id='word_1_212' title='bbox 2414 2892 2507 2952; x_wconf 84' lang='lat' dir='ltr'><strong>bis</strong></span> <span class='ocrx_word' id='word_1_213' title='bbox 2527 2892 2603 2952; x_wconf 81' lang='lat' dir='ltr'><strong>C.</strong></span> <span class='ocrx_word' id='word_1_214' title='bbox 2623 2891 2963 2967; x_wconf 80' lang='lat' dir='ltr'><strong>Gracchus,</strong></span> 
     </span>
     <span class='ocr_line' id='line_1_26' title="bbox 1052 2986 2963 3067; baseline 0.001 -18"><span class='ocrx_word' id='word_1_215' title='bbox 1052 2986 1129 3049; x_wconf 83' lang='lat' dir='ltr'><strong>C.</strong></span> <span class='ocrx_word' id='word_1_216' title='bbox 1159 2989 1362 3049; x_wconf 84' lang='lat' dir='ltr'><strong>Carbo</strong></span> <span class='ocrx_word' id='word_1_217' title='bbox 1393 2989 1687 3051; x_wconf 76' lang='lat' dir='ltr'><strong>triumviri</strong></span> <span class='ocrx_word' id='word_1_218' title='bbox 1721 2986 2063 3049; x_wconf 83' lang='lat' dir='ltr'><strong>dividundis</strong></span> <span class='ocrx_word' id='word_1_219' title='bbox 2094 2989 2251 3067; x_wconf 81' lang='lat' dir='ltr'><strong>agris</strong></span> <span class='ocrx_word' id='word_1_220' title='bbox 2284 2988 2537 3049; x_wconf 87' lang='lat' dir='ltr'><strong>consilia</strong></span> <span class='ocrx_word' id='word_1_221' title='bbox 2561 2991 2963 3051; x_wconf 87' lang='lat' dir='ltr'><strong>communica·-</strong></span> 
     </span>
     <span class='ocr_line' id='line_1_27' title="bbox 1047 3082 2965 3167; baseline 0.001 -23"><span class='ocrx_word' id='word_1_222' title='bbox 1047 3086 1230 3146; x_wconf 87' lang='lat' dir='ltr'><strong>bant.</strong></span> <span class='ocrx_word' id='word_1_223' title='bbox 1273 3086 1490 3167; x_wconf 84' lang='lat' dir='ltr'><strong>quibus</strong></span> <span class='ocrx_word' id='word_1_224' title='bbox 1514 3104 1701 3165; x_wconf 82' lang='lat' dir='ltr'><strong>nuper</strong></span> <span class='ocrx_word' id='word_1_225' title='bbox 1728 3083 1958 3145; x_wconf 85' lang='lat' dir='ltr'><strong>lectus&#39;</strong></span> <span class='ocrx_word' id='word_1_226' title='bbox 1942 3101 2003 3143; x_wconf 87' lang='lat' dir='ltr'><strong>m</strong></span> <span class='ocrx_word' id='word_1_227' title='bbox 2029 3083 2226 3153; x_wconf 85' lang='lat' dir='ltr'><strong>locum</strong></span> <span class='ocrx_word' id='word_1_228' title='bbox 2253 3082 2335 3144; x_wconf 92' lang='lat' dir='ltr'><strong>P.</strong></span> <span class='ocrx_word' id='word_1_229' title='bbox 2360 3084 2562 3144; x_wconf 86' lang='lat' dir='ltr'><strong>Crassi</strong></span> <span class='ocrx_word' id='word_1_230' title='bbox 2590 3083 2683 3144; x_wconf 92' lang='lat' dir='ltr'><strong>M.</strong></span> <span class='ocrx_word' id='word_1_231' title='bbox 2709 3083 2965 3146; x_wconf 80' lang='lat' dir='ltr'><strong>Fulvius</strong></span> 
     </span>
     <span class='ocr_line' id='line_1_28' title="bbox 1050 3178 2961 3259; baseline 0.001 -18"><span class='ocrx_word' id='word_1_232' title='bbox 1050 3180 1306 3242; x_wconf 84' lang='lat' dir='ltr'><strong>Flaccus</strong></span> <span class='ocrx_word' id='word_1_233' title='bbox 1337 3189 1685 3243; x_wconf 81' lang='lat' dir='ltr'><strong>accesserat.</strong></span> <span class='ocrx_word' id='word_1_234' title='bbox 1770 3178 1867 3240; x_wconf 86' lang='lat' dir='ltr'><strong>Hi</strong></span> <span class='ocrx_word' id='word_1_235' title='bbox 1902 3198 2041 3239; x_wconf 87' lang='lat' dir='ltr'><strong>cum</strong></span> <span class='ocrx_word' id='word_1_236' title='bbox 2072 3180 2395 3259; x_wconf 79' lang='lat' dir='ltr'><strong>negotium,</strong></span> <span class='ocrx_word' id='word_1_237' title='bbox 2420 3199 2531 3240; x_wconf 87' lang='lat' dir='ltr'><strong>sua</strong></span> <span class='ocrx_word' id='word_1_238' title='bbox 2554 3188 2769 3239; x_wconf 86' lang='lat' dir='ltr'><strong>natura</strong></span> <span class='ocrx_word' id='word_1_239' title='bbox 2800 3180 2961 3242; x_wconf 85' lang='lat' dir='ltr'><strong>diffi-</strong></span> 
     </span>
     <span class='ocr_line' id='line_1_29' title="bbox 751 3274 2959 3391; baseline 0 -55"><span class='ocrx_word' id='word_1_240' title='bbox 751 3279 968 3391; x_wconf 59' lang='lat' dir='ltr'><strong>Aupinn·</strong></span> <span class='ocrx_word' id='word_1_241' title='bbox 1047 3276 1162 3337; x_wconf 88' lang='lat' dir='ltr'><strong>cile</strong></span> <span class='ocrx_word' id='word_1_242' title='bbox 1183 3299 1256 3338; x_wconf 89' lang='lat' dir='ltr'><strong>ac</strong></span> <span class='ocrx_word' id='word_1_243' title='bbox 1287 3278 1667 3350; x_wconf 82' lang='lat' dir='ltr'><strong>invidiosum,</strong></span> <span class='ocrx_word' id='word_1_244' title='bbox 1696 3277 1908 3337; x_wconf 83' lang='lat' dir='ltr'><strong>animis</strong></span> <span class='ocrx_word' id='word_1_245' title='bbox 1926 3274 2134 3337; x_wconf 89' lang='lat' dir='ltr'><strong>dolore</strong></span> <span class='ocrx_word' id='word_1_246' title='bbox 2166 3284 2274 3337; x_wconf 87' lang='lat' dir='ltr'><strong>aut</strong></span> <span class='ocrx_word' id='word_1_247' title='bbox 2296 3295 2583 3339; x_wconf 83' lang='lat' dir='ltr'><strong>novarum</strong></span> <span class='ocrx_word' id='word_1_248' title='bbox 2608 3296 2803 3337; x_wconf 88' lang='lat' dir='ltr'><strong>rerum</strong></span> <span class='ocrx_word' id='word_1_249' title='bbox 2828 3287 2959 3339; x_wconf 81' lang='lat' dir='ltr'><strong>stu-</strong></span> 
     </span>
     <span class='ocr_line' id='line_1_30' title="bbox 1047 3372 2957 3459; baseline 0.001 -25"><span class='ocrx_word' id='word_1_250' title='bbox 1047 3374 1151 3434; x_wconf 90' lang='lat' dir='ltr'><strong>dio</strong></span> <span class='ocrx_word' id='word_1_251' title='bbox 1177 3373 1520 3434; x_wconf 85' lang='lat' dir='ltr'><strong>ardentibus</strong></span> <span class='ocrx_word' id='word_1_252' title='bbox 1553 3374 1967 3453; x_wconf 87' lang='lat' dir='ltr'><strong>suscepissent,</strong></span> <span class='ocrx_word' id='word_1_253' title='bbox 2004 3374 2203 3433; x_wconf 87' lang='lat' dir='ltr'><strong>omnia</strong></span> <span class='ocrx_word' id='word_1_254' title='bbox 2238 3391 2380 3433; x_wconf 85' lang='lat' dir='ltr'><strong>mox</strong></span> <span class='ocrx_word' id='word_1_255' title='bbox 2414 3372 2677 3459; x_wconf 86' lang='lat' dir='ltr'><strong>querelis</strong></span> <span class='ocrx_word' id='word_1_256' title='bbox 2700 3394 2773 3433; x_wconf 86' lang='lat' dir='ltr'><strong>ac</strong></span> <span class='ocrx_word' id='word_1_257' title='bbox 2811 3396 2957 3437; x_wconf 88' lang='lat' dir='ltr'><strong>cou-</strong></span> 
     </span>
     <span class='ocr_line' id='line_1_31' title="bbox 1045 3468 2959 3551; baseline 0.001 -20"><span class='ocrx_word' id='word_1_258' title='bbox 1045 3470 1406 3531; x_wconf 89' lang='lat' dir='ltr'><strong>tentionibus</strong></span> <span class='ocrx_word' id='word_1_259' title='bbox 1425 3470 1812 3531; x_wconf 85' lang='lat' dir='ltr'><strong>effervescere</strong></span> <span class='ocrx_word' id='word_1_260' title='bbox 1838 3478 2161 3551; x_wconf 85' lang='lat' dir='ltr'><strong>coeperuut.</strong></span> <span class='ocrx_word' id='word_1_261' title='bbox 2228 3468 2387 3529; x_wconf 83' lang='lat' dir='ltr'><strong>Cum</strong></span> <span class='ocrx_word' id='word_1_262' title='bbox 2413 3470 2573 3529; x_wconf 88' lang='lat' dir='ltr'><strong>enim</strong></span> <span class='ocrx_word' id='word_1_263' title='bbox 2594 3490 2959 3551; x_wconf 85' lang='lat' dir='ltr'><strong>possessores</strong></span> 
     </span>
     <span class='ocr_line' id='line_1_32' title="bbox 1043 3564 2955 3648; baseline 0.002 -21"><span class='ocrx_word' id='word_1_264' title='bbox 1043 3566 1282 3629; x_wconf 86' lang='lat' dir='ltr'><strong>modum</strong></span> <span class='ocrx_word' id='word_1_265' title='bbox 1311 3568 1608 3648; x_wconf 87' lang='lat' dir='ltr'><strong>situmque</strong></span> <span class='ocrx_word' id='word_1_266' title='bbox 1636 3566 2085 3627; x_wconf 86' lang='lat' dir='ltr'><strong>latifundiorum</strong></span> <span class='ocrx_word' id='word_1_267' title='bbox 2118 3586 2357 3627; x_wconf 89' lang='lat' dir='ltr'><strong>suorum</strong></span> <span class='ocrx_word' id='word_1_268' title='bbox 2394 3564 2659 3627; x_wconf 87' lang='lat' dir='ltr'><strong>indicare</strong></span> <span class='ocrx_word' id='word_1_269' title='bbox 2700 3566 2955 3641; x_wconf 89' lang='lat' dir='ltr'><strong>nollent,</strong></span> 
     </span>
     <span class='ocr_line' id='line_1_33' title="bbox 1041 3662 2955 3745; baseline 0.002 -21"><span class='ocrx_word' id='word_1_270' title='bbox 1041 3664 1240 3727; x_wconf 88' lang='lat' dir='ltr'><strong>edicto</strong></span> <span class='ocrx_word' id='word_1_271' title='bbox 1263 3664 1618 3725; x_wconf 85' lang='lat' dir='ltr'><strong>triumvirali</strong></span> <span class='ocrx_word' id='word_1_272' title='bbox 1648 3665 1905 3736; x_wconf 83' lang='lat' dir='ltr'><strong>excitati</strong></span> <span class='ocrx_word' id='word_1_273' title='bbox 1932 3664 2158 3725; x_wconf 86' lang='lat' dir='ltr'><strong>indices</strong></span> <span class='ocrx_word' id='word_1_274' title='bbox 2184 3662 2351 3724; x_wconf 79' lang='lat' dir='ltr'><strong>falsis</strong></span> <span class='ocrx_word' id='word_1_275' title='bbox 2388 3664 2661 3745; x_wconf 76' lang='lat' dir='ltr'><strong>verisque</strong></span> <span class='ocrx_word' id='word_1_276' title='bbox 2692 3662 2955 3727; x_wconf 84' lang='lat' dir='ltr'><strong>delatio-</strong></span> 
     </span>
     <span class='ocr_line' id='line_1_34' title="bbox 1042 3760 2245 3843; baseline 0.001 -23"><span class='ocrx_word' id='word_1_277' title='bbox 1042 3762 1218 3823; x_wconf 87' lang='lat' dir='ltr'><strong>nibus</strong></span> <span class='ocrx_word' id='word_1_278' title='bbox 1242 3762 1628 3843; x_wconf 87' lang='lat' dir='ltr'><strong>plurimorum</strong></span> <span class='ocrx_word' id='word_1_279' title='bbox 1642 3763 1787 3840; x_wconf 87' lang='lat' dir='ltr'><strong>jura</strong></span> <span class='ocrx_word' id='word_1_280' title='bbox 1805 3760 2245 3823; x_wconf 83' lang='lat' dir='ltr'><strong>convellebant.</strong></span> 
     </span>
    </p>

    <p class='ocr_par' dir='ltr' id='par_1_3' title="bbox 1036 3856 2953 4230">
     <span class='ocr_line' id='line_1_35' title="bbox 1120 3856 2951 3940; baseline -0.001 -19"><span class='ocrx_word' id='word_1_281' title='bbox 1120 3864 1222 3921; x_wconf 80' lang='grc'><strong>73.</strong></span> <span class='ocrx_word' id='word_1_282' title='bbox 1263 3856 1434 3918; x_wconf 88' lang='lat' dir='ltr'><strong>Nam</strong></span> <span class='ocrx_word' id='word_1_283' title='bbox 1481 3860 1763 3939; x_wconf 87' lang='lat' dir='ltr'><strong>promotis</strong></span> <span class='ocrx_word' id='word_1_284' title='bbox 1803 3859 1931 3937; x_wconf 82' lang='lat' dir='ltr'><strong>agri</strong></span> <span class='ocrx_word' id='word_1_285' title='bbox 1974 3858 2205 3939; x_wconf 89' lang='lat' dir='ltr'><strong>publici</strong></span> <span class='ocrx_word' id='word_1_286' title='bbox 2250 3857 2539 3931; x_wconf 89' lang='lat' dir='ltr'><strong>terminis,</strong></span> <span class='ocrx_word' id='word_1_287' title='bbox 2580 3864 2651 3917; x_wconf 91' lang='lat' dir='ltr'><strong>ut</strong></span> <span class='ocrx_word' id='word_1_288' title='bbox 2690 3877 2951 3940; x_wconf 76' lang='lat' dir='ltr'><strong>quaeque</strong></span> 
     </span>
     <span class='ocr_line' id='line_1_36' title="bbox 1036 3952 2953 4035; baseline 0.002 -20"><span class='ocrx_word' id='word_1_289' title='bbox 1036 3956 1234 4016; x_wconf 83' lang='lat' dir='ltr'><strong>vicina</strong></span> <span class='ocrx_word' id='word_1_290' title='bbox 1257 3964 1452 4027; x_wconf 89' lang='lat' dir='ltr'><strong>erant,</strong></span> <span class='ocrx_word' id='word_1_291' title='bbox 1475 3956 1891 4027; x_wconf 87' lang='lat' dir='ltr'><strong>turbabantur,</strong></span> <span class='ocrx_word' id='word_1_292' title='bbox 1918 3956 2160 4017; x_wconf 87' lang='lat' dir='ltr'><strong>incertis</strong></span> <span class='ocrx_word' id='word_1_293' title='bbox 2174 3957 2307 4035; x_wconf 82' lang='lat' dir='ltr'><strong>jam</strong></span> <span class='ocrx_word' id='word_1_294' title='bbox 2330 3956 2593 4015; x_wconf 88' lang='lat' dir='ltr'><strong>omnium</strong></span> <span class='ocrx_word' id='word_1_295' title='bbox 2618 3952 2859 4027; x_wconf 85' lang='lat' dir='ltr'><strong>finibus,</strong></span> <span class='ocrx_word' id='word_1_296' title='bbox 2885 3964 2953 4019; x_wconf 86' lang='lat' dir='ltr'><strong>et</strong></span> 
     </span>
     <span class='ocr_line' id='line_1_37' title="bbox 1037 4051 2949 4141; baseline 0 -30"><span class='ocrx_word' id='word_1_297' title='bbox 1037 4072 1230 4133; x_wconf 88' lang='lat' dir='ltr'><strong>neque</strong></span> <span class='ocrx_word' id='word_1_298' title='bbox 1266 4061 1576 4114; x_wconf 84' lang='lat' dir='ltr'><strong>contractu</strong></span> <span class='ocrx_word' id='word_1_299' title='bbox 1618 4053 1983 4141; x_wconf 75' lang='lat' dir='ltr'><strong>privatorum</strong></span> <span class='ocrx_word' id='word_1_300' title='bbox 2020 4051 2167 4127; x_wconf 87' lang='lat' dir='ltr'><strong>ullo,</strong></span> <span class='ocrx_word' id='word_1_301' title='bbox 2210 4072 2402 4133; x_wconf 86' lang='lat' dir='ltr'><strong>neque</strong></span> <span class='ocrx_word' id='word_1_302' title='bbox 2434 4051 2721 4112; x_wconf 83' lang='lat' dir='ltr'><strong>divisione</strong></span> <span class='ocrx_word' id='word_1_303' title='bbox 2756 4054 2949 4113; x_wconf 78' lang='lat' dir='ltr'><strong>veteri</strong></span> 
     </span>
     <span class='ocr_line' id='line_1_38' title="bbox 1037 4148 2949 4230; baseline 0.002 -23"><span class='ocrx_word' id='word_1_304' title='bbox 1037 4148 1282 4229; x_wconf 87' lang='lat' dir='ltr'><strong>publica</strong></span> <span class='ocrx_word' id='word_1_305' title='bbox 1317 4150 1647 4210; x_wconf 78' lang='lat' dir='ltr'><strong>obtinente.</strong></span> <span class='ocrx_word' id='word_1_306' title='bbox 1733 4148 1837 4209; x_wconf 85' lang='lat' dir='ltr'><strong>Ita</strong></span> <span class='ocrx_word' id='word_1_307' title='bbox 1866 4148 2071 4221; x_wconf 87' lang='lat' dir='ltr'><strong>fiebat,</strong></span> <span class='ocrx_word' id='word_1_308' title='bbox 2102 4158 2171 4209; x_wconf 88' lang='lat' dir='ltr'><strong>ut</strong></span> <span class='ocrx_word' id='word_1_309' title='bbox 2202 4149 2380 4210; x_wconf 82' lang='lat' dir='ltr'><strong>motis</strong></span> <span class='ocrx_word' id='word_1_310' title='bbox 2404 4150 2627 4230; x_wconf 86' lang='lat' dir='ltr'><strong>ubique</strong></span> <span class='ocrx_word' id='word_1_311' title='bbox 2654 4148 2949 4211; x_wconf 85' lang='lat' dir='ltr'><strong>limitibus</strong></span> 
     </span>
    </p>
   </div>
   <div class='ocr_carea' id='block_1_3' title="bbox 1035 4244 2945 4327">
    <p class='ocr_par' dir='ltr' id='par_1_4' title="bbox 1035 4244 2945 4327">
     <span class='ocr_line' id='line_1_39' title="bbox 1035 4244 2945 4327; baseline 0 -18"><span class='ocrx_word' id='word_1_312' title='bbox 1035 4246 1486 4309; x_wconf 84' lang='lat' dir='ltr'><strong>transferrentur</strong></span> <span class='ocrx_word' id='word_1_313' title='bbox 1511 4254 1997 4327; x_wconf 85' lang='lat' dir='ltr'><strong>mutarenturque</strong></span> <span class='ocrx_word' id='word_1_314' title='bbox 2042 4246 2205 4325; x_wconf 76' lang='lat' dir='ltr'><strong>agri3</strong></span> <span class='ocrx_word' id='word_1_315' title='bbox 2270 4255 2333 4309; x_wconf 85' lang='lat' dir='ltr'><strong>et</strong></span> <span class='ocrx_word' id='word_1_316' title='bbox 2376 4264 2536 4325; x_wconf 85' lang='lat' dir='ltr'><strong>saepe</strong></span> <span class='ocrx_word' id='word_1_317' title='bbox 2580 4244 2807 4307; x_wconf 87' lang='lat' dir='ltr'><strong>inculta</strong></span> <span class='ocrx_word' id='word_1_318' title='bbox 2836 4267 2945 4327; x_wconf 76' lang='lat' dir='ltr'><strong>pru</strong></span> 
     </span>
    </p>
   </div>
   <div class='ocr_carea' id='block_1_4' title="bbox 1616 4408 2423 4493">
    <p class='ocr_par' dir='ltr' id='par_1_5' title="bbox 1616 4408 2423 4493">
     <span class='ocr_line' id='line_1_40' title="bbox 1616 4408 2423 4493; baseline 0.006 -37"><span class='ocrx_word' id='word_1_319' title='bbox 1616 4409 1648 4441; x_wconf 57' lang='lat'><em>⁶</em></span> <span class='ocrx_word' id='word_1_320' title='bbox 1683 4410 1747 4493; x_wconf 54' lang='lat' dir='ltr'><strong>A.</strong></span> <span class='ocrx_word' id='word_1_321' title='bbox 1772 4408 1840 4460; x_wconf 84' lang='lat' dir='ltr'><strong>U.</strong></span> <span class='ocrx_word' id='word_1_322' title='bbox 1866 4408 1928 4461; x_wconf 87' lang='lat' dir='ltr'><strong>C.</strong></span> <span class='ocrx_word' id='word_1_323' title='bbox 1949 4412 2067 4460; x_wconf 73' lang='lat'><strong>628.</strong></span> <span class='ocrx_word' id='word_1_324' title='bbox 2132 4408 2199 4459; x_wconf 85' lang='lat' dir='ltr'><strong>A.</strong></span> <span class='ocrx_word' id='word_1_325' title='bbox 2224 4409 2287 4460; x_wconf 88' lang='lat' dir='ltr'><strong>C.</strong></span> <span class='ocrx_word' id='word_1_326' title='bbox 2311 4412 2423 4461; x_wconf 75' lang='lat'><strong>129.</strong></span> 
     </span>
    </p>
   </div>
  </div>
 </body>
</html>
