3225 5242
898 482 1111 543 unm
1160 483 1283 535 LV.
1326 482 1980 537 SUPPLBHBNTUH·

398 629 507 689 28.
546 622 909 687 Numantini
946 626 1162 689 deinde
1200 627 1423 701 nociti,
1448 626 1607 691 hune
1647 630 1712 689 in
1757 626 2001 691 modum
2040 626 2228 693 verba

314 720 631 788 hcet-unt:
674 731 693 759 ⁸
724 721 893 791 Quid
930 724 1045 785 hoc
1079 732 1343 807 tempore
1367 724 1445 785 de
1472 725 1644 785 nobis
1667 724 1980 804 judicetis,
2004 722 2228 785 Patres

316 817 685 900 conscripti,
722 820 1051 881 hostiumne
1096 842 1175 883 an
1226 822 1547 882 amicorum
1590 842 1836 883 numero
1875 822 2225 894 habeamur,

314 916 464 977 urbe
508 916 815 998 prohibiti,
858 918 1197 981 muneribus
1231 919 1457 990 affecti,
1496 918 1852 981 dubitamus.
1935 916 2031 979 At
2074 915 2224 977 illud

312 1030 699 1093 nequaquam
740 1013 911 1075 nobis
956 1015 1299 1095 ambiguum
1348 1024 1460 1085 est,
1502 1034 1878 1095 quocumque
1917 1012 2076 1095 apud
2119 1013 2230 1074 vos'

314 1128 567 1171 numero
594 1112 797 1183 simus,
834 1120 971 1193 post
992 1111 1204 1193 pac'em
1224 1132 1363 1173 cum
1388 1110 1485 1172 Ti.
1514 1109 1794 1173 Graccho
1819 1110 2050 1182 initam,
2073 1130 2225 1169 sem-

312 1226 423 1285 per
470 1208 797 1269 amicorum
836 1216 903 1270 et
938 1209 1163 1269 animos
1204 1209 1503 1281 habuisse,
1546 1218 1609 1269 et
1649 1208 1985 1289 praestitisse
2025 1226 2226 1288 opera.

315 1302 559 1365 Vestris
596 1304 1045 1387 imperatoribus
1084 1326 1201 1367 non
1236 1305 1427 1367 solum
1463 1325 1758 1367 annonam
1795 1314 1862 1366 et
1895 1304 2116 1365 milites
2148 1324 2228 1363 ex

312 1398 597 1475 formula,
624 1402 733 1463 sed
756 1404 937 1465 etiam
962 1412 1026 1465 et
1048 1404 1179 1465 haec
1212 1404 1431 1484 saepius
1461 1422 1640 1485 supra
1663 1422 1990 1475 numerum,
2017 1410 2082 1461 et
2105 1400 2228 1462 alia

313 1516 453 1576 quie
475 1519 601 1559 non
622 1509 793 1564 erant
814 1500 1127 1561 foederibus
1147 1520 1450 1582 expressa,
1464 1500 1622 1562 ultro
1647 1499 1938 1561 dedimus.
2021 1498 2225 1559 Etiam

314 1593 407 1654 bb
424 1596 693 1659 sedecim
729 1599 923 1671 annis,
956 1616 1035 1659 ex
1069 1619 1191 1679 quc
1228 1597 1638 1679 Segidensium
1663 1597 1902 1677 negotio
1926 1596 2222 1679 impliciti,

314 1711 483 1753 nme
506 1714 629 1755 non
649 1704 859 1757 contra
890 1716 1019 1767 vos,
1047 1696 1153 1757 sed
1178 1717 1286 1778 pro
1320 1716 1471 1779 pace
1499 1704 1700 1759 vestra
1721 1694 2008 1776 cepimus,
2032 1712 2225 1775 neque

314 1791 517 1853 acerbi
542 1792 1071 1875 implacabileqne
1090 1793 1289 1855 hostes
1310 1793 1529 1855 fuimus
1548 1813 1567 1863 3
1596 1802 1661 1853 et
1681 1791 1860 1854 simul
1887 1800 2068 1871 atque
2091 1810 2228 1873 spes

314 1886 525 1967 aliqua
570 1890 737 1971 pacis
781 1898 1017 1951 ostensa
1060 1892 1230 1953 nobis
1257 1899 1371 1963 est,
1406 1891 1749 1973 pecuniam,
1776 1898 2022 1961 vestem,
2062 1907 2226 1949 com-

314 1994 599 2059 meatum,
622 1996 688 2049 et
720 1987 1004 2070 quicquid
1032 1988 1252 2071 jubere
1276 1987 1529 2050 ducibus
1548 1988 1758 2051 vestris
1793 1986 2044 2070 placuit,
2077 2005 2229 2067 proe-
2329 1976 2336 1985 ’

314 2080 575 2145 buimus.

392 2186 561 2241 24⁴
588 2182 717 2243 Pro
742 2182 837 2247 bis
860 2182 1087 2245 meritis
1109 2180 1277 2245 aliud
1301 2180 1427 2245 fere
1452 2181 1601 2245 nibil
1635 2199 1819 2265 quam
1841 2136 2234 2243 contumelias

314 2276 679 2360 injuriasque
702 2282 959 2363 experti,
984 2300 1121 2343 cum
1146 2300 1349 2343 earum
1375 2300 1569 2343 rerum
1592 2281 1822 2362 pigeret
1839 2277 2232 2359 puderetque,

315 2375 587 2449 modum,
611 2397 791 2459 quem
814 2376 1010 2440 facere
1038 2387 1309 2441 auctores
1334 2378 1575 2443 illarum
1605 2375 1938 2451 noluerant,
1965 2376 2026 2435 in
2053 2374 2234 2435 armis

314 2492 578 2554 quarere
608 2476 809 2537 coacti
840 2494 1077 2537 sumus.
1118 2475 1280 2558 quod
1311 2457 1587 2537 ultimum
1621 2472 1967 2536 mortalitati
2004 2470 2232 2533 benefi-

313 2570 473 2629 cium
494 2578 710 2633 namra
732 2570 927 2644 dedit,
958 2573 1069 2644 uti,
1104 2574 1209 2634 ubi
1244 2580 1553 2635 consumta
1584 2591 1720 2653 spes
1761 2569 1952 2630 omnis
1974 2576 2087 2641 est,
2124 2568 2231 2631 de·

314 2667 651 2747 speratione
688 2669 1043 2741 animentur,
1094 2670 1451 2751 quicumque
1503 2667 1802 2749 asperiora
1841 2666 1958 2727 sibi
2000 2665 2230 2748 imponi

314 2770 557 2843 putant,
606 2784 787 2844 qnam
832 2762 1081 2826 mortem
1132 2786 1249 2826 non
1293 2764 1527 2827 timenti
1577 2762 1729 2825 ferre
1770 2782 2076 2824 necessum
2115 2770 2228 2822 est.

314 2857 488 2925 Quid
502 2862 643 2939 jam
666 2880 1142 2935 commemorem,
1170 2862 1401 2943 quoties
1416 2860 1760 2923 consulibus
1775 2859 1986 2921 vestris
2009 2856 2232 2921 soedera

312 2956 625 3017 nobiscum
649 2956 795 3029 icta,
826 2955 1043 3019 deinde
1082 2967 1261 3041 rupta
1299 2959 1465 3021 sint?
1506 2958 1651 3040 quia
1681 2966 1850 3017 tanto
1885 2956 2053 3038 pacis
2074 2954 2232 3015 desi·

310 3050 479 3113 derio
502 3053 881 3127 tenebamur,
904 3063 974 3115 ut
998 3056 1316 3136 prudentes
1336 3053 1682 3137 plerumque
1709 3053 2074 3131 scientesque
2113 3049 2232 3111 fal-

311 3146 593 3222 leremur,
622 3158 685 3211 et
716 3151 893 3213 toties
915 3160 1165 3233 experta
1186 3152 1397 3214 fraude
1421 3150 1503 3211 ad
1524 3151 1866 3212 cautionem
1900 3147 2234 3227 fugeremus

311 3246 555 3309 eruditi.
596 3246 807 3309 Antea
831 3269 1069 3331 quoque
1089 3269 1207 3311 non
1234 3248 1416 3310 semel
1432 3246 1692 3329 decepti,
1713 3254 1912 3307 tamen
1934 3244 2022 3313 Q.
2038 3244 2234 3305 Pom-

314 3344 453 3425 peio
476 3344 797 3406 babuimus
820 3344 1037 3407 fidem:
1064 3366 1200 3427 quae
1234 3346 1285 3407 si
1310 3344 1474 3428 apud
1501 3344 1670 3405 illum
1695 3342 1903 3423 aliqua
1924 3350 2103 3414 oeset,
2125 3360 2232 3401 ned
2305 3412 2310 3417 .

314 3458 431 3521 que
469 3450 685 3523 postea
709 3441 967 3503 venisset
1004 3442 1065 3502 in
1102 3442 1430 3525 periculum
1462 3440 1764 3503 exercitus
1795 3448 2010 3512 vener,
2039 3456 2234 3519 neque

314 3534 373 3597 in
398 3538 721 3617 praesentia
744 3558 851 3599 nos
878 3537 1299 3601 laboraremus.
1510 3578 1519 3584 -

392 3638 501 3694 25.
527 3642 547 3671 ⁴
572 3632 719 3695 Nisi
740 3633 894 3699 forte
917 3634 1055 3697 Diis
1076 3634 1507 3698 immortalibus
1530 3634 1619 3696 ita
1640 3635 1835 3697 visum
1849 3640 1964 3707 est,
1980 3640 2050 3692 ut
2065 3628 2231 3693 claro

311 3728 674 3792 documento
702 3732 941 3793 minime
975 3733 1093 3821 sibi
1132 3731 1367 3814 placere
1402 3731 1632 3794 violata
1663 3739 1883 3793 temere
1917 3738 2098 3809 pacta
2134 3746 2230 3787 os-

310 3825 663 3888 tenderent:
692 3848 811 3907 quo
848 3836 913 3889 et
952 3849 1059 3890 nos
1099 3829 1177 3889 ad
1217 3827 1545 3890 feriendum
1574 3827 1766 3888 soedus
1787 3823 2125 3887 callidiores
2149 3821 2228 3883 ab

312 3923 719 4006 experimento
743 3944 1020 3998 essemus,
1045 3935 1109 3986 et
1131 3946 1239 3988 vos
1263 3924 1344 3985 ad
1366 3923 1517 3986 illud
1542 3923 1825 4003 deinceps
1846 3918 2224 3992 servandum,

312 4040 427 4081 non
444 4022 554 4103 jus
578 4030 809 4082 tantum
833 4020 1065 4105 fasque,
1092 4022 1199 4083 sed
1216 4022 1399 4083 etiam
1424 4019 1618 4105 pudor
1639 4019 1950 4099 obligaret.
2002 4015 2071 4078 A
2097 4035 2222 4083 ma·

298 4119 540 4195 joribus
562 4127 708 4178 natu
744 4119 833 4179 sic
864 4119 1221 4200 accepimus,
1258 4118 1493 4181 duabus
1523 4118 1783 4179 maxime
1821 4115 1998 4177 rebus
2032 4133 2222 4195 popu·

310 4212 435 4275 lum
463 4212 814 4277 Romanum
842 4214 1158 4290 excellere,
1194 4217 1417 4279 virtute
1452 4234 1527 4279 nc
1556 4214 1817 4295 justitia.
1899 4210 2009 4273 Ab
2034 4210 2224 4271 altero

310 4310 555 4381 habere,
594 4320 662 4371 ut
684 4310 851 4373 bello
875 4314 1136 4395 superari
1168 4322 1463 4395 nequeatz
1493 4312 1572 4373 ab
1598 4310 1812 4383 altero,
1855 4318 1924 4371 ut
1945 4306 2094 4369 nolit
2115 4304 2223 4367 be-
