3225 5242
723 548 906 619 418⁸
1411 588 1419 599 -
1628 580 1637 593 ·
1700 568 1775 617 ‘r-
1820 568 2017 619 mxu

1047 712 1302 785 sinebat,
1329 731 1468 773 cum
1494 712 1713 774 iustum
1750 712 2065 775 conflictus
2095 712 2414 787 videretur,
2449 714 2791 796 priusquam
2811 732 2954 775 ›nnc-

1045 829 1242 873 censor
1285 808 1582 893 proficisci
1626 812 1687 872 iu
1728 813 2091 893 provinciam
2130 821 2361 895 posset:
2418 820 2485 872 et
2520 832 2645 873 esse
2688 812 2841 873 dnos
2886 813 2953 873 iu

1046 909 1262 971 Gallia
1293 908 1478 970 duoes
1507 908 1872 991 totidemque
1910 912 2205 972 exercitus
2240 931 2318 971 cx
2360 932 2472 971 usu
2500 918 2565 971 et
2599 911 2952 973 necesitate

1042 1016 1376 1089 temporum
1399 1006 1737 1069 videbatur.

1125 1112 1230 1167 10.
1273 1104 1498 1187 Neque
1531 1104 1669 1166 falsi
1710 1106 1987 1187 opinione
2026 1126 2137 1167 sua
2177 1106 2398 1166 Patres
2434 1114 2592 1167 suut.
2678 1104 2955 1167 Domitio

1039 1222 1178 1265 cum
1201 1203 1399 1265 hostes
1421 1205 1831 1275 occurrissent,
1852 1212 2061 1265 neutra
2084 1212 2253 1285 parte
2278 1224 2535 1285 pugnam
2560 1203 2956 1275 densum,

717 1312 826 1365 Ην.
849 1312 984 1381 Epit.
1041 1302 1190 1383 quia
1211 1302 1527 1363 Romanus
1559 1303 1783 1363 viribus
1806 1324 1879 1363 ac
1904 1303 2223 1385 disciplina
2254 1302 2523 1375 valebat,
2548 1302 2953 1383 Allobrogum

747 1412 883 1465 Vell.
923 1430 988 1465 u.
1041 1402 1306 1481 ingentes
1324 1399 1513 1482 copioe
1537 1402 1817 1461 maximis
1840 1402 2245 1461 Arvernorum
2272 1401 2515 1462 auxiliis
2536 1410 2733 1462 auctu!
2758 1410 2953 1473 eram,

713 1482 874 1593 {22⁸5
1043 1498 1122 1559 nd
1146 1498 1510 1559 confluentes
1537 1498 1739 1579 Sulgae
1770 1498 2024 1560 fluminis
2056 1508 2120 1559 et
2156 1498 2467 1571 Rhodani,
2497 1503 2687 1579 juxa
2711 1497 2955 1559 Vinda-

749 1643 769 1686 ·.
785 1580 874 1661 191⁸
878 1560 911 1661 ,ι
919 1561 970 1688 Y·
1041 1596 1210 1671 lium,
1247 1596 1312 1657 id
1345 1596 1568 1679 oppido
1615 1617 1827 1657 nomen
1865 1597 2137 1669 auditur,
2176 1598 2303 1659 acri
2344 1598 2553 1679 praelio
2596 1616 2951 1659 concursum

711 1674 1017 1793 Ηέᾗξῇἶζ.
1039 1703 1150 1755 est.
1244 1694 1346 1755 Ibi
1381 1695 1648 1756 victoriae
1684 1714 1961 1775 magnum
1998 1706 2359 1757 momentum
2388 1695 2689 1777 elephanti
2729 1694 2953 1757 attula-

711 1800 1196 1866 oroa.v.ls.runt,
1247 1813 1448 1853 rarum
1493 1793 1554 1853 in
1602 1792 1886 1855 Romana
1930 1794 2061 1855 acie
2108 1793 2469 1877 praesidium.
2569 1792 2811 1852 Horum
2854 1794 2951 1853 in-

1037 1890 1218 1950 solita
1259 1889 1453 1951 forma
1494 1912 1566 1953 ac
1603 1892 1852 1955 stridore
1899 1893 2154 1953 hostium
2190 1912 2405 1972 agmen
2436 1891 2807 1963 exterritum,
2839 1894 2951 1971 ju·-

1035 1990 1252 2051 mentis
1273 1991 1534 2051 maxime
1556 2010 1663 2071 per
1692 1992 2225 2052 consternationem
2260 2000 2323 2051 et
2356 1988 2675 2050 tumultum
2712 1988 2951 2049 solven-

1031 2090 1194 2149 tibus
1215 2088 1476 2161 ordines,
1502 2088 1699 2148 fusum
1725 2089 2111 2171 fugatumque
2144 2096 2256 2148 est.
2337 2086 2730 2169 Captivorum
2758 2086 2954 2147 miliia

1029 2188 1150 2247 tria
1171 2186 1426 2247 fuerunt.
1512 2186 1819 2248 caesorum
1848 2191 2039 2269 major
2060 2206 2367 2248 numerus:
2408 2184 2489 2247 ad
2512 2185 2725 2265 viginti
2750 2182 2955 2245 millia

1028 2284 1310 2345 cecidisse
1351 2283 1701 2344 referuntur.
2867 2344 2876 2355 ‚

1111 2390 1212 2443 11.
1256 2381 1424 2443 Dum
1473 2382 1602 2443 haec
1654 2391 1819 2442 nans
1866 2379 2064 2462 Alpes
2112 2389 2411 2460 geruntur,
2452 2378 2669 2439 foedius
2702 2378 2761 2439 in
2798 2378 2951 2439 urbe

1028 2490 1334 2541 certamen
1378 2482 1534 2541 inter
1573 2481 1759 2551 cives,
1810 2488 1872 2539 et
1913 2479 2125 2541 occisis
2168 2478 2494 2557 insignibus
2532 2476 2676 2537 viris
2712 2476 2953 2537 funesta

1029 2578 1286 2639 victoria
1315 2579 1450 2639 fuit.
1530 2578 1673 2639 Jam
1708 2578 1865 2639 enim
1893 2578 2385 2638 Gracchanomm
2411 2584 2675 2635 motuum
2704 2583 2954 2635 eventus

1028 2676 1250 2755 exequi
1283 2685 1520 2757 tempus
1543 2684 1766 2737 monet.
1850 2675 2163 2736 Professus
2198 2674 2455 2735 invicem
2498 2671 2839 2731 inimicitias
2873 2670 2949 2730 L.

1031 2771 1310 2853 Opimius
1332 2781 1398 2833 et
1423 2771 1499 2832 Ο.
1523 2772 1835 2833 Gracchus
1862 2773 2145 2854 proximis
2171 2771 2403 2851 aliquot
2442 2770 2611 2829 aunis
2648 2768 2949 2839 aluerunt,

1029 2888 1144 2929 non
1166 2870 1294 2931 sine
1311 2870 1532 2930 mutuis
1545 2869 1923 2930 contumeliis
1940 2890 2011 2929 ac
2029 2867 2327 2950 periculiS,
2340 2868 2625 2947 utrisque,
2642 2872 2713 2925 ut
2724 2862 2817 2935 fit,
2836 2864 2953 2925 ad-

737 2991 872 3045 ΡΜ,
893 2992 956 3047 c,
1028 2967 1360 3029 versarium
1391 2968 1608 3048 quovis
1633 2966 1812 3027 modo
1838 2966 2167 3049 deprimere
2194 2964 2581 3026 studentibus·
2667 2962 2951 3043 Opimius

709 3056 856 3111 ⁶¹⁸⁸·
1029 3085 1138 3146 per
1169 3062 1491 3125 factionem
1529 3063 1667 3124 Caii
1704 3064 1890 3123 serius
1924 3062 2303 3123 consulatum
2342 3062 2617 3142 adeptus,
2652 3057 2847 3119 vicem
2884 3059 2951 3119 ei

1027 3160 1390 3233 reddiderat,
1431 3170 1663 3233 curato,
1696 3182 1773 3221 ne
1810 3161 2141 3222 tribuniciis
2184 3160 2441 3221 comitiis
2473 3156 2777 3237 suffragia,
2806 3174 2949 3237 quse

1027 3259 1287 3339 plurim
1324 3258 1571 3331 tulerat,
1620 3280 1698 3319 ex
1732 3258 1853 3320 fide
1898 3259 2389 3318 renuntiarentur.
2484 3255 2564 3316 Id
2600 3272 2949 3335 quanquam

1025 3356 1430 3418 controversia
1461 3375 1580 3418 non
1613 3364 1801 3427 caret,
1839 3354 2209 3437 probabilius
2232 3354 2438 3415 effecit
2459 3352 2831 3413 inimicorum
2856 3351 2951 3410 in·

1025 3451 1306 3513 saltatio:
1348 3472 1472 3532 qua
1507 3461 1570 3513 et
1605 3454 1731 3534 ipse
1764 3453 2135 3523 commotior,
2180 3462 2197 3487 ‘
2230 3452 2409 3511 risum
2440 3470 2545 3511 eos
2578 3447 2773 3509 ridere
2804 3444 2951 3507 Sar-

1025 3546 1302 3607 donium’
1333 3547 1512 3621 dixit,
1551 3559 1570 3585 ‘
1601 3550 1857 3628 ignaros,
1898 3558 2186 3630 quantum
2242 3549 2385 3629 ipsis
2428 3546 2803 3607 tenebrarum
2844 3562 2947 3603 ac-

1027 3645 1288 3705 tionibus
1322 3646 1443 3705 suis
1474 3646 1826 3706 offudisset.'

1108 3748 1208 3809 12.
1249 3744 1346 3803 At
1371 3744 1440 3804 L.
1471 3744 1752 3825 Opimius
1779 3745 1978 3805 omnia
1999 3744 2115 3804 sibi
2152 3741 2381 3803 consuli
2418 3746 2627 3800 contra
2653 3736 2949 3817 privatum

1027 3842 1304 3920 proniora
1329 3841 1556 3912 videns,
1589 3841 1821 3901 nullum
1849 3862 1967 3902 non
2005 3840 2265 3922 lapidem
2301 3838 2609 3905 movebat,
2638 3842 2703 3895 ut
2736 3840 2949 3893 coutu-

1026 3938 1221 3997 meliis
1243 3938 1591 4018 injuriisque
1618 3939 1923 3999 irritatum·
1931 3940 2219 4018 juvenem
2244 3936 2324 3997 ad
2354 3933 2675 3995 violentius
2702 3925 2951 4009 aliquod

1025 4032 1250 4095 factum
1271 4035 1629 4116 impelleret,
1656 4057 1778 4115 quo
1797 4036 1993 4096 fratris
2012 4034 2296 4116 exemplo
2320 4032 2682 4115 perderetur.
2752 4026 2951 4105 Igitur

732 4125 952 4203 ᾼΒΡῑδῦ·
1023 4128 1166 4191 dum
1204 4130 1308 4191 ille
1331 4154 1471 4194 cum
1505 4133 1598 4194 M.
1626 4131 1843 4194 Fulvio
1871 4134 2098 4195 Flacco
2120 4128 2541 4213 conquirendis
2566 4148 2673 4209 per
2700 4124 2947 4187 Italiam

703 4190 854 4244 cml.
876 4210 918 4243 ¹⁸
1025 4228 1256 4293 colonis
1287 4240 1637 4313 occupatur,
1680 4233 1785 4312 qui
1813 4232 2235 4310 Carthaginem
2262 4229 2714 4307 deveherentur‚
2740 4218 2949 4287 conoul

1028 4347 1233 4388 omnes
1257 4348 1395 4388 suas
1409 4336 1579 4389 -artes
1600 4330 1875 4411 viresque
1906 4330 1983 4391 ad
2010 4326 2437 4392 subvertendas
2456 4328 2589 4405 ejus
2618 4322 2799 4403 leges,
2827 4316 2936 4365 Νί-

1027 4424 1210 4485 lenda
1230 4434 1390 4500 acta,
1421 4427 1710 4509 explicat.
