3225 5242
802 554 1011 607 msa!
1066 554 1317 605 nxvn.
1346 552 2016 609 suernmsu'ruu.
2361 536 2536 605 4333
2596 630 2612 657 Ι

302 698 596 769 nationes,
616 714 753 777 quae
772 718 881 779 per
896 697 1115 758 eadem
1149 706 1421 779 tempora
1452 698 1513 758 in
1546 696 1814 759 Galliam
1853 698 2208 779 irruperant,

302 797 480 856 rebus
506 794 777 873 gerendis
810 795 1023 855 fortem
1064 803 1127 855 et
1164 793 1405 855 fidelem
1444 794 1519 855 L.
1548 792 1740 875 Sy‘llae
1766 815 2003 876 operam
2029 782 2210 855 fuisse
2263 794 2412 843 Auct.
2429 793 2494 842 de

298 901 647 973 argumento
670 900 782 964 est,
794 892 955 973 quod
981 892 1171 973 priore
1192 912 1348 952 anno
1364 892 1597 970 legatus
1614 892 1874 953 consulis
1891 891 2210 953 Gallorum
2233 858 2536 989 {igslffmm

174 1036 183 1043 .
297 988 807 1070 splendidissimos
856 988 1041 1051 duces
1090 989 1266 1061 fudit,
1317 998 1381 1049 et
1422 989 1886 1069 Tectosagorum
1942 988 2210 1068 regulum
2234 989 2364 1038 Veu.
2379 1004 2442 1037 u.
2459 991 2538 1039 1⁷·

302 1086 611 1167 Copillum
664 1086 865 1147 vivum
908 1085 1109 1168 cepit:
1179 1096 1241 1147 et
1284 1086 1399 1148 hoc
1444 1087 1624 1147 tertio
1667 1085 1854 1147 Marii
1897 1086 2210 1152 consulatu
2234 1054 2369 1106 Plut.
2385 1052 2504 1119 Syn.

300 1184 575 1244 tribunus
600 1183 857 1244 militum
884 1182 1145 1256 Marsos,
1172 1204 1449 1263 magnam
1478 1192 1542 1244 et
1576 1184 1925 1265 populosam
1951 1193 2212 1263 gentem,

300 1279 381 1340 ad
408 1281 735 1341 amicitiam
762 1280 1105 1341 Romanam
1131 1301 1170 1342 a
1196 1281 1573 1343 Cimbrorum
1596 1282 1881 1343 societate
1911 1282 2213 1364 perduxit.

302 1377 495 1437 Marsi
524 1379 706 1450 enim,
732 1377 955 1440 Italica
980 1378 1164 1449 natio,
1184 1398 1321 1440 cum
1354 1378 1585 1439 nullum
1612 1379 1674 1438 in
1714 1378 1832 1440 bac
1855 1398 2210 1441 commemo-

300 1473 529 1534 ratione
580 1473 780 1535 locum
820 1474 1121 1545 habeant;
1164 1475 1537 1557 relinquitur,
1574 1482 1646 1534 ut
1679 1475 1968 1536 Teutonis
2010 1466 2212 1537 vicina

298 1590 445 1649 gens
478 1570 868 1649 intelligatur,
912 1590 1047 1650 quae
1088 1590 1249 1632 nunc
1288 1592 1525 1654 quoque
1564 1572 1817 1652 vestigia
1856 1571 2106 1633 nominis
2147 1583 2212 1633 et

299 1665 533 1727 sedium
558 1667 937 1747 antiquarum
964 1666 1199 1728 retinet.

383 1769 486 1823 49.
530 1762 765 1823 Eodem
792 1771 989 1823 tractu
1016 1763 1319 1844 temporis,
1350 1784 1489 1825 cum
1508 1766 1709 1825 omnia
1725 1764 1924 1837 bellis,
1953 1776 2060 1828 aut
2080 1767 2208 1827 bel-

300 1857 495 1919 lorum
520 1868 815 1941 apparatu
836 1867 1185 1939 streperent,
1201 1858 1439 1938 judicia
1457 1863 1695 1943 insuper
1711 1864 2036 1942 inquietam
2061 1864 2208 1925 civi·

298 1962 485 2015 tatem
510 1951 867 2015 babuerunt.
952 1955 1029 2015 C.
1061 1954 1385 2016 Memmius
1420 1958 1882 2040 repetundarum
1907 1960 2214 2021 absolutus
2266 1967 2378 2015 val.
2397 1968 2542 2017 Mu.

298 2062 413 2123 est,
440 2051 655 2113 frustra
679 2072 841 2113 reum
868 2060 1171 2134 premente
1201 2051 1295 2113 Μ.
1319 2052 1530 2114 Scauri
1555 2055 1916 2127 testimonio,
1941 2054 2105 2138 quod
2129 2058 2210 2117 ob
2236 2038 2480 2159 Ἔξᾷῗω

298 2158 503 2211 notam
530 2151 684 2210 inter
700 2170 803 2211 eos
826 2149 1190 2211 simultatem
1224 2151 1419 2211 minus
1446 2152 1724 2233 ponderis
1740 2153 2051 2214 babuerat.
2132 2153 2207 2214 T.
2233 2154 2371 2209 Fotit.
2389 2176 2433 2211 c.
2456 2165 2506 2211 7.

301 2246 607 2309 Albucius
655 2247 971 2307 damnatus
1024 2256 1135 2318 est,
1192 2267 1307 2307 non
1357 2249 1436 2309 ob
1486 2248 1730 2330 culpam
1775 2250 1988 2329 magis,
2027 2270 2206 2331 quam
2255 2270 2363 2322 cic.
2387 2272 2451 2321 do

302 2354 540 2427 propter
569 2345 893 2406 vanitatem
932 2344 1155 2405 invisus
1186 2343 1642 2426 despectusque,
1683 2354 1746 2405 et
1773 2347 1909 2424 jam
1949 2356 2088 2407 ante
2129 2346 2210 2409 ab
2231 2336 2540 2451 {rr-0⁰¹¹&

294 2452 507 2504 senatu
534 2450 751 2521 negata
775 2441 1209 2523 supplicatione
1234 2443 1407 2523 quasi
1431 2441 1884 2523 praedamnatus.
2263 2432 2278 2449 ”
2325 2432 2342 2451 ’

382 2546 485 2603 50.
531 2538 689 2599 Cum
716 2540 871 2600 enim
899 2540 1075 2600 rebus
1098 2559 1219 2599 non
1262 2541 1349 2601 ita
1392 2540 1622 2619 magnis
1659 2542 1720 2600 in
1762 2540 2040 2601 Sardinia
2075 2536 2209 2622 pro-

298 2645 553 2719 praetore
578 2638 757 2716 gestis
780 2637 1281 2719 supplicationem
1308 2638 1387 2697 ab
1422 2646 1630 2698 senam
1665 2637 1906 2699 decerni
1945 2639 2209 2719 petisset,

300 2737 491 2816 primo
514 2733 800 2805 omnium,
826 2736 934 2815 qui
958 2733 1070 2795 tali
1092 2755 1174 2796 ex
1198 2754 1385 2796 cause
1406 2733 1620 2795 literas·
1633 2735 1948 2807 misissent,
1983 2746 2080 2797 est
2101 2734 2210 2796 de-

300 2840 557 2911 negata:
600 2832 901 2914 praecipue
926 2831 1064 2893 ideo
1089 2830 1250 2911 quod
1276 2831 1453 2892 homo
1487 2831 1658 2902 levis,
1678 2840 1742 2893 et
1767 2830 2057 2913 Epicuro,
2103 2853 2209 2893 va·-
2255 2848 2426 2899 camin
2439 2849 2541 2900 Pin.

298 2929 561 3015 uissimae
582 2927 935 2989 Graecorum
962 2937 1162 3013 sectae,
1192 2926 1450 3000 deditus,
1465 2930 1601 3007 jam
1627 2930 1687 2987 in
1710 2929 2018 3009 provincia
2037 2929 2210 3009 quasi
2231 2919 2382 3028 ἱτέἷ
2396 2922 2526 3030 ἔξω

296 3023 789 3107 triumphaverat.
858 3022 1013 3104 Ejus
1036 3024 1473 3085 accusationem
1499 3024 1646 3097 duo,
1675 3024 1752 3087 G.
1779 3024 1980 3085 Julius
2005 3024 2211 3085 Caesar
2522 3009 2541 3028 ’

298 3132 367 3182 et
394 3120 511 3182 Cn.
543 3122 875 3203 Pompeius
910 3120 1151 3193 Strabo,
1178 3121 1599 3203 postulabant:
1643 3121 1748 3181 sed
1774 3123 1918 3201 quia
1949 3123 2210 3183 moribus
2265 3124 2374 3176 cie.
2401 3125 2537 3203 9³3⁶.

301 3218 621 3279 adversum
648 3218 988 3290 videbatur,
1028 3218 1295 3297 ejusdem
1322 3226 1726 3279 accusatorem
1759 3218 2022 3299 aliquem
2059 3240 2208 3291 esse,
2232 3196 2452 3305 ‘2335‘
2469 3191 2540 3240 ¹¹²⁸

296 3315 479 3395 cujus
502 3324 763 3397 quaestor
786 3315 1015 3389 fuisset,
1045 3314 1121 3376 C.
1147 3315 1368 3388 Julius,
1394 3316 1499 3397 qui
1524 3310 1813 3397 praeterea
1835 3317 2017 3379 etiam
2041 3338 2210 3397 roga·-
2266 3318 2373 3369 cio.
2393 3320 2458 3367 de
2519 3350 2526 3357 ·

300 3419 401 3472 tus
423 3432 465 3473 a
489 3411 701 3475 Sardis
720 3422 873 3484 erat,
900 3413 1187 3495 praelatus
1204 3422 1320 3475 est.
2235 3384 2336 3434 Off.
2351 3400 2418 3434 ¹¹⁰
2438 3385 2520 3434 Μ’

384 3516 485 3569 61.
531 3509 775 3573 Dixisse
821 3518 947 3571 tum
990 3519 1055 3571 et
1101 3510 1185 3578 Q.
1238 3509 1481 3571 Mucius
1520 3530 1710 3590 augur
1751 3512 1810 3571 in
1858 3510 2211 3582 Albucium,
2255 3510 2542 3579 ApuLApo-

302 3605 503 3667 laudis
546 3607 795 3669 forensis
836 3606 1207 3689 aucupanda!
1252 3610 1467 3687 gratia,
1493 3608 1775 3670 creditur.
1860 3608 1984 3669 Sed
2019 3628 2212 3689 neque
2235 3576 2337 3643 ¹⁰⁸·

298 3705 565 3787 dignitas
589 3716 855 3787 aetasque
896 3704 1187 3767 Scaevolae
1228 3706 1471 3786 patitur,
1508 3714 1595 3776 ut,
1623 3726 1746 3766 rem
1773 3705 2036 3787 alioquin
2061 3714 2212 3765 tem·
2255 3752 2262 3759 .

300 3802 543 3883 poribus
567 3804 695 3863 istis
718 3802 1017 3863 Romanae
1047 3804 1352 3882 juventuti
1392 3804 1696 3873 usitatam,
1738 3802 1984 3863 sorensis
2019 3822 2214 3883 operae
2317 3840 2322 3845 ·

299 3899 579 3961 tirocinio
618 3900 1193 3961 commendationem
1240 3908 1566 3980 quaereret:
1607 3909 1696 3969 et3
1731 3898 1892 3979 quod
1935 3898 2214 3959 Scaevola

298 4006 511 4058 contra
532 3996 610 4057 T.
636 3995 971 4057 Albucium
998 3998 1059 4057 in
1079 3996 1316 4077 judicio
1340 3996 1794 4078 repetundarum
1821 3994 2000 4066 dixit,
2017 3996 2077 4055 id
2105 4014 2212 4075 pro

297 4116 369 4156 se
390 4094 636 4165 dixisse,
664 4114 783 4154 non
824 4094 1075 4154 obscure
1110 4092 1273 4175 apud
1310 4092 1663 4153 Ciceronem
1697 4092 1966 4172 legimus,
2003 4088 2212 4154 cdntra
2267 4100 2374 4150 Cic.
2392 4090 2558 4151 Bruti

298 4192 597 4253 bominem
622 4191 967 4251 inimicitias
998 4211 1077 4252 ex
1119 4210 1300 4253 causa
1323 4190 1483 4251 haud
1510 4192 1654 4250 satis
1672 4189 1841 4269 gravi
1865 4198 2092 4271 coeptas
2103 4191 2209 4268 ju·
2232 4170 2377 4217 ⁶⁰²⁶·

299 4289 487 4350 venili
510 4288 733 4349 ferocia
758 4298 1158 4349 exercentem.
1190 4366 1197 4371 .

384 4392 485 4446 52.
529 4385 713 4453 Quod
756 4387 915 4446 enim
958 4384 1258 4447 Albucius
1294 4384 1642 4447 Graecarum
1689 4384 1985 4445 literarum
2027 4404 2210 4466 usque
