3225 5242
1701 575 1771 627 T.
1818 578 2013 629 mvn

1057 719 1338 799 pecunia,
1361 734 1566 779 omues
1585 728 1769 801 atque
1794 721 1996 783 omnia
2022 668 2281 783 versaret
2308 731 2489 804 atque
2512 722 2963 796 volveremur:-

1055 814 1194 875 dom
1218 814 1621 877 Vaceousium
1648 818 1945 899 principes
1968 817 2049 879 ad
2070 819 2465 881 occidendum
2498 818 2741 881 Metelli
2758 822 2964 901 pmi-
3080 817 3085 821 ⁵

1053 912 1225 973 dium
1249 912 1508 994 impulit.
1599 912 1787 975 Certo
1810 914 1933 986 die,
1961 917 2067 996 qui
2086 916 2270 977 festus
2290 938 2397 999 per
2420 936 2659 978 omnem
2686 916 2966 979 Africam

1053 1009 1312 1072 lascivia
1329 1018 1394 1071 et
1409 1011 1703 1073 conviviis
1722 1010 1865 1073 duci
1889 1024 2299 1088 consueverat,
2320 1035 2511 1095 eoque
2531 1015 2805 1096 tegendis
2822 1016 2965 1075 iasi-

1053 1105 1174 1167 diis
1195 1106 1388 1187 aptior
1411 1106 1766 1180 habebatur,
1786 1109 2175 1183 centuriones,-
2194 1112 2439 1183 tribuni,
2452 1112 2705 1193 ipseque
2719 1111 2795 1172 T.
2809 1111 2965 1172 Tur-

1053 1202 1238 1283 pilius
1271 1201 1562 1277 Silanus,³
1603 1224 1783 1286 quem
1808 1205 2154 1286 praefectum
2191 1206 2431 1269 fabrum
2464 1227 2667 1271 secum
2706 1207 2969 1269 duxerat

1057 1302 1370 1375 Metellus,
1395 1312 1460 1363 et
1482 1302 1761 1385 praesidio
1787 1304 2089 1366 Vaccensi
2114 1304 2483 1387 praefecerat,
2508 1305 2727 1367 diversi
2750 1307 2831 1369 ab
2848 1324 2965 1388 op-

1049 1400 1294 1482 pidanis
1318 1400 1685 1463 invitantur:
1714 1400 1955 1474 deinde,
1974 1422 2153 1485 super
2168 1422 2422 1476 mensas,
2446 1402 2525 1465 ad
2550 1422 2733 1463 uuum
2758 1424 2967 1467 omnes

1055 1506 1273 1579 preter
1311 1496 1647 1579 Turpilium
1684 1496 2140 1561 interficiuntur.
2224 1500 2481 1562 Sublato
2510 1500 2651 1562 inde
2675 1500 2963 1574 clamore,

1049 1610 1192 1657 cum
1205 1596 1433 1657 milites
1450 1595 1757 1677 inopinato
1782 1605 2003 1658 terrore
2026 1597 2347 1679 perculsos,
2374 1607 2666 1679 praterea
2689 1598 2963 1671 inermes,

1050 1704 1117 1757 et
1139 1696 1266 1755 sine
1301 1694 1548 1775 imperio
1589 1693 1865 1777 palantes
1904 1696 2251 1757 invasissent
2271 1716 2290 1766 ;
2335 1696 2512 1777 plebs
2556 1694 2963 1757 Numidarum

1051 1812 1162 1873 pro
1188 1791 1433 1852 levitate
1461 1792 1659 1869 gentis
1682 1793 1859 1853 rebus
1892 1794 2061 1855 novis
2082 1792 2226 1854 laeta
2244 1801 2543 1854 momento
2566 1814 2631 1853 se
2656 1804 2961 1874 aggregat.

1053 1887 1321 1949 Romani
1355 1888 1631 1969 plerique
1655 1890 1831 1950 inulti
1856 1890 2104 1962 cudunt,
2140 1892 2287 1971 quia
2310 1911 2505 1971 neque
2542 1910 2712 1953 arma
2744 1911 2961 1974 suppe·
3042 1918 3053 1925 ·

1051 1986 1284 2057 tebaut,
1311 2004 1426 2047 nee
1443 1985 1731 2065 effugium
1758 2008 2011 2069 usquam
2030 1997 2182 2061 erat,
2207 1987 2370 2069 quod
2394 1988 2757 2060 Vacceuses,
2784 1990 2963 2051 mimo

1051 2085 1166 2145 sub
1212 2092 1447 2164 tempus
1483 2084 1671 2145 caedis
1714 2085 2011 2166 praesidio,
2056 2106 2275 2158 amem,
2322 2086 2428 2145 ubi
2472 2085 2642 2165 signa
2673 2094 2960 2167 scutaque

1047 2179 1468 2241 Romanorum
1504 2191 1701 2255 eraut,
1738 2192 2325 2265 praeoccupaverant,
2351 2182 2757 2265 oppidumque
2784 2184 2957 2244 undi-

1049 2298 1170 2359 que
1195 2278 1552 2339 clauserant.

1131 2382 1230 2436 33.
1277 2375 1518 2437 Harum
1547 2395 1739 2437 rerum
1768 2376 1975 2435 nuntio
2000 2382 2212 2455 praeter
2228 2376 2469 2437 modum
2496 2375 2748 2438 affectus
2772 2378 2959 2459 impe-

1049 2480 1230 2545 rator,
1259 2472 1689 2555 aliquantisper
1712 2480 2036 2552 conspectu
2062 2474 2365 2533 hominum
2386 2476 2583 2535 caruit
2604 2494 2627 2535 τ
2662 2493 2804 2535 mox
2830 2496 2953 2537 om-

1049 2571 1151 2631 uia
1169 2571 1425 2653 experiri
1450 2578 1670 2642 certus,
1696 2569 1841 2630 dum
1870 2589 1947 2629 ne
1982 2570 2224 2652 pessimi
2256 2572 2517 2652 exempli
2549 2571 2813 2633 defectio
2848 2574 2959 2633 im-

1048 2668 1260 2748 punita
1295 2667 1715 2729 Vaccensibus
1756 2668 1933 2738 es'set,
1994 2687 2133 2728 cum
2180 2668 2415 2747 legione
2449 2688 2587 2750 quie
2634 2670 2695 2729 in
2746 2670 2956 2731 iisdem

1037 2764 1328 2845 hybernis
1345 2772 1496 2835 erat,
1521 2774 1585 2825 et
1602 2762 1765 2845 quod
1792 2763 2061 2845 equitum
2089 2764 2493 2827 Numidarum
2518 2766 2723 2846 colligi
2760 2770 2959 2831 subito

1047 2869 1306 2941 poterat,
1355 2862 1572 2942 pariter
1607 2878 1747 2922 cum
1792 2882 2009 2922 occasu
2054 2864 2198 2923 solis
2242 2884 2531 2943 egressus,
2568 2864 2851 2947 postridie
2894 2870 2957 2930 iu

1045 2957 1356 3040 planitiem
1383 2958 1685 3041 quandam
1710 2958 1967 3020 collibus
1989 2961 2249 3021 cinctam
2278 2962 2587 3042 pervenit:
2618 2962 2956 3045 militesque

1047 3056 1246 3117 auimo
1269 3056 1637 3129 fatiscentes,
1663 3056 1915 3118 multum
1939 3058 2099 3117 euim
2126 3058 2353 3118 itineris
2376 3060 2591 3139 raptim
2618 3060 2791 3121 ducti
2808 3082 2953 3123 cou-

1045 3152 1334 3227 feeeraut,
1363 3151 1640 3215 Vaocam
1665 3154 1953 3246 oppidum
1980 3174 2099 3215 non
2136 3156 2294 3216 ultra
2328 3154 2493 3216 mille
2530 3176 2807 3238 manuum
2844 3161 2953 3243 ab·

1045 3270 1174 3311 esse
1192 3249 1621 3323 demonstrans,
1646 3250 2031 3333 praedamque
2071 3254 2329 3334 benigne
2370 3252 2697 3335 pollicitus,
2744 3255 2825 3317 ad
2862 3276 2950 3319 re-

1047 3348 1276 3428 liquum
1303 3350 1568 3410 laborem
1595 3348 1930 3411 confirmat.

1127 3451 1229 3505 34.
1272 3444 1621 3507 Vaoceuses
1642 3449 1969 3508 exercitum
2010 3446 2089 3508 ad
2128 3468 2193 3508 se
2218 3448 2423 3509 venire
2448 3448 2802 3528 conspicati,
2831 3452 2950 3532 pri-

1045 3560 1144 3603 mo
1186 3550 1390 3622 portas
1417 3542 1798 3605 clauserunt:
1840 3564 2005 3617 mox,
2032 3546 2177 3625 quia
2218 3566 2332 3608 nec
2376 3546 2501 3626 agri
2542 3546 2949 3623 vastabantur,

1045 3650 1110 3703 et
1135 3640 1534 3703 Numidicum
1559 3644 1892 3723 equitatum
1916 3664 2041 3706 esse
2068 3645 2415 3725 apparebat,
2460 3646 2591 3723 (bic
2624 3647 2782 3706 enim
2820 3656 2951 3711 astu

1047 3740 1414 3821 imperatoris
1439 3740 1500 3799 in
1527 3740 1718 3822 primo
1742 3742 1975 3820 agmine
2002 3742 2183 3821 ibat,)
2208 3741 2566 3822 ,Iugurtham
2586 3744 2725 3816 rati,
2762 3749 2949 3825 gesti-

1045 3840 1284 3899 entibus
1332 3837 1557 3917 gaudio
1597 3838 1811 3899 animis
1852 3840 2093 3900 obviam
2148 3839 2557 3902 effunduntur.
2661 3842 2951 3905 Metellus

1045 3955 1225 4016 supra
1239 3944 1444 3995 votum
1470 3936 1672 3994 omnia
1696 3934 2011 3995 succedere
2049 3935 2282 4007 videus,
2316 3938 2487 4015 sig-uo
2512 3946 2755 4018 repente
2779 3940 2949 4013 dato,

927 4024 930 4029 ¹
1043 4034 1304 4113 equitem
1346 4032 1723 4113 peditemque
1764 4033 1977 4113 partim
2013 4032 2092 4093 ad
2127 4042 2326 4115 portas
2354 4035 2755 4115 occupandas,
2802 4036 2949 4099 alios

1047 4128 1127 4190 ad
1149 4130 1374 4192 caedem
1400 4129 1733 4212 palantium
1759 4130 2023 4191 dimittit.
2107 4130 2255 4193 Hoc
2279 4132 2539 4192 maxime
2572 4133 2751 4209 modo
2778 4134 2946 4197 Vac-

1047 4248 1254 4291 ceuses
1279 4248 1396 4289 uon
1419 4228 1579 4292 ultra
1609 4227 1857 4291 biduum
1882 4249 1990 4289 sua
2014 4226 2267 4311 perfidia
2302 4228 2491 4291 laetati
2528 4250 2733 4311 poenas
2766 4231 2946 4294 dede-

1039 4386 1046 4395 ·
1179 4418 1213 4463 3
1247 4368 1496 4473 stit-inu,
1519 4414 1757 4480 ipsumque
1782 4414 1840 4467 Τ.
1864 4414 2137 4481 Turpilium
2154 4414 2375 4468 &lum
2392 4414 2515 4467 edd.
2536 4423 2659 4468 aute
2678 4416 2837 4469 Crev-
