3225 5242
786 489 997 582 ιιιιιιι
1048 531 1215 584 ιιιι.
1260 531 1914 584 susannam-uu.
2123 507 2130 516 '
2271 509 2448 578 4023

198 697 273 736 ne
326 677 593 750 dubitet,
644 679 863 759 quibus
906 667 1135 740 artibus
1182 677 1469 740 tuendum
1514 675 2120 759 amplificandumque

193 777 519 858 imperium
545 777 791 838 habeat.
877 777 1171 838 Attamen
1206 797 1325 836 non
1364 775 1567 836 vocari
1592 775 1672 836 ad
1703 783 1936 834 tantum
1961 776 2118 856 peri-

192 871 429 944 culum,
470 882 542 934 ut
585 894 702 935 non
745 874 1089 957 pleramque
1124 876 1258 955 ejus
1298 881 1531 955 partem
1573 873 1860 934 sustinere
1895 873 2121 953 possint

191 969 513 1052 velintque
546 993 587 1034 a
608 973 827 1052 quibus
847 980 1115 1033 vocetur.
1201 971 1429 1033 Omnes
1452 991 1557 1032 eas
1586 970 1864 1049 reg-iones
1883 968 2120 1028 Graecis

190 1069 557 1130 civitatibus
592 1071 870 1131 maximis
900 1069 1479 1151 opulentissimisque
1519 1068 1607 1128 ita
1631 1067 1944 1128 distinctas
1967 1087 2118 1136 esse,
2221 1053 2230 1060 ’

192 1175 265 1226 ut
290 1167 409 1228 has
430 1168 653 1228 tenenti
676 1169 919 1228 minime
940 1187 1172 1247 magnae
1194 1165 1369 1226 molis
1391 1165 1595 1226 futura
1618 1165 1701 1226 sit
1731 1165 2118 1226 barbarorum

192 1265 591 1344 expugnatio.
674 1263 825 1326 Esse
863 1265 979 1326 sibi
1016 1267 1195 1336 viros,
1232 1283 1420 1334 arma,
1457 1283 1662 1334 naves,
1697 1255 2116 1333 commeatum,

194 1364 489 1442 pecunias
506 1361 647 1422 :sed
665 1363 777 1422 sub
792 1362 1053 1423 custode.
1098 1362 1257 1422 Eum
1274 1360 1379 1442 qui
1398 1359 1703 1420 tantillum
1713 1360 2114 1430 summoverit,

192 1468 258 1518 et
292 1459 467 1520 velut
502 1457 783 1539 alligatas
816 1459 1095 1520 liberavit
1118 1479 1348 1530 manus,
1375 1457 1609 1530 iisdem,
1641 1477 1779 1518 cum
1808 1456 2114 1529 voluisset,

194 1557 489 1616 usurum?

276 1659 383 1713 16.
448 1652 579 1713 His
622 1662 805 1734 atque
846 1652 1071 1714 talibus
1114 1652 1337 1714 auditis
1384 1651 1748 1724 Demetrius,
1791 1651 1843 1711 si
1889 1649 2116 1712 bellum

194 1749 357 1810 istud
384 1753 783 1822 successisset,
810 1751 993 1812 etiam
1026 1751 1105 1812 ad
1136 1751 1541 1832 recuperanda
1566 1750 1784 1812 amissa
1801 1749 1956 1810 vires
1975 1746 2113 1808 inde

194 1847 322 1911 fore
362 1857 673 1931 reputans,
711 1857 945 1909 strenue
978 1849 1039 1908 in
1071 1849 1339 1910 Parthos
1362 1849 1571 1908 movit.
1655 1846 1848 1908 Erant
1881 1865 1971 1906 θαι
2007 1865 2112 1906 na·
2170 1859 2355 1910 sustin.

194 1946 391 2006 tiones
434 1955 565 2005 tum
608 1955 859 2006 assuetae
902 1938 1306 2026 Macedonum
1346 1946 1632 2027 imperio;
1676 1954 1806 2005 turn
1845 1944 2110 2006 Partho·
2136 1928 2443 2039 2¹:353·

194 2061 349 2114 rum,
380 2051 451 2103 ut
477 2043 616 2104 novi
642 2042 874 2124 populi,
902 2041 1123 2104 fastum
1144 2063 1219 2104 ac
1242 2043 1533 2104 saevitie'm
1556 2061 1928 2124 nequaquam
1955 2043 2114 2104 laetis
2137 2059 2189 2108 9.

196 2139 413 2198 animis
452 2139 813 2201 tolerabant.
904 2137 1105 2219 Igitur
1148 2148 1366 2222 prater
1402 2139 1654 2201 Groecas
1695 2141 1891 2211 urbes,
1929 2141 2114 2202 etiam

196 2235 437 2308 Persae,
484 2246 547 2298 et
582 2237 865 2318 Elymaei,
911 2237 1340 2319 Bactrianique
1379 2238 1611 2301 auxilia
1651 2236 1964 2299 Demetrio
2001 2239 2112 2297 mi-

194 2353 345 2395 sere.
432 2333 677 2402 Quibus
700 2343 913 2396 auctus
934 2335 1129 2396 multa
1146 2355 1427 2417 prospera
1444 2335 1656 2417 proelia
1678 2336 1846 2406 fecit,
1867 2333 2112 2396 multas-

194 2451 315 2512 que
372 2433 701 2513 occupavit
742 2433 1109 2513 provincias:
1167 2431 1357 2495 donec
1409 2432 1638 2494 insidiis
1677 2434 2115 2494 circumventus

196 2529 459 2610 (quippe
480 2531 647 2610 pacis
668 2528 931 2590 studium
954 2530 1367 2592 simulantibus
1380 2531 1722 2612 improvide
1745 2528 2110 2607 crediderat)
2168 2535 2371 2602 Joneph.

196 2626 259 2684 in
282 2635 644 2707 potestatem
664 2627 919 2688 hostium
943 2628 1117 2688 vivus
1135 2630 1427 2711 pervenit,
1454 2629 1613 2690 omni
1639 2628 1908 2688 exercitu
1933 2630 2108 2689 amis-
2137 2601 2328 2779 ΟΞΞΞ.

194 2744 281 2784 so.
366 2723 515 2785 Nec
539 2725 837 2786 occasioni
861 2723 1163 2786 Diodotus
1198 2725 1413 2798 defuit,
1455 2727 1601 2807 quin
1640 2745 1748 2806 per
1781 2725 2168 2786 absentiam:
2333 2733 2436 2779 ns.

202 2819 509 2882 Demetrii
554 2831 759 2882 cetera
806 2820 999 2902 Syriae
1044 2823 1386 2884 invaderet:
1429 2833 1493 2884 et
1532 2823 1658 2884 alia
1697 2831 1867 2904 parte
1905 2822 1947 2883 J
1949 2823 2110 2886 udaei
2129 2743 2397 2913 machab

198 2918 565 3000 propinquas
586 2920 703 2979 sibi
744 2919 1011 2998 regiones
1045 2921 1441 2992 infestabant·
1486 2921 1609 2982 alia
1621 2919 1878 2994 Cilices,
1909 2921 2112 2982 multis

200 3015 549 3094 praedonum
574 3017 799 3076 exortis
822 3016 1141 3098 manipulis
1160 3015 1554 3100 ducibusque,
1580 3017 1894 3078 latrocinia
1917 3019 2106 3078 conti-
2166 3023 2316 3073 strab.
2321 3037 2436 3072 xxv.

198 3130 321 3172 nna
342 3112 731 3184 exercebant,
755 3132 961 3192 regum
984 3113 1297 3174 discordiis
1318 3115 1456 3177 tuti.
2133 3104 2186 3155 Ρ·
2205 3091 2322 3140 ω

279 3213 381 3272 17.
426 3207 611 3269 Nec
596 3229 656 3268 ιιι
676 3209 943 3290 AEgypto
966 3209 1161 3270 minus
1180 3211 1487 3271 turbarum
1512 3217 1666 3282 erat,
1685 3229 1793 3291 per
1813 3210 2108 3271 saevitiam
2165 3215 2230 3266 D·
2219 3217 2317 3267 hod
2333 3231 2414 3283 up.

198 3303 553 3376 Ptolemaei,
598 3324 735 3385 quae
779 3305 948 3368 nulla
990 3305 1245 3368 fortunae
1292 3305 1664 3386 indulgentia
1695 3305 2104 3385 mitigabatur.
2131 3283 2300 3334 vde*

198 3399 425 3482 Nuper
456 3401 639 3473 enim,
662 3421 805 3462 cum
828 3401 1249 3484 AEgyptiorum
1290 3402 1423 3482 lege
1464 3401 1666 3482 regale
1705 3401 1978 3482 Memphi
2011 3423 2108 3462 so-

198 3495 345 3556 lium
379 3497 839 3570 conscendisset,
866 3507 1039 3559 natus
1062 3500 1119 3559 ei
1144 3497 1307 3560 filius
1340 3507 1493 3570 erat,
1518 3518 1697 3579 quem
1735 3497 2106 3558 intersolen-

198 3593 301 3652 nia
345 3595 530 3673 regiae
574 3593 1041 3673 inaugurationis
1096 3595 1344 3666 editum,
1410 3596 1592 3655 etiam
1657 3595 1853 3655 omine
1909 3594 2106 3666 laetus,

203 3687 583 3770 Memphiten
634 3688 1061 3770 appellaverat.
1154 3690 1383 3772 Neque
1426 3701 1628 3752 tamen
1683 3699 1791 3751 aut
1837 3690 2110 3752 hilaritas

200 3786 335 3856 ista,
380 3795 491 3848 aut
528 3784 818 3846 natalitiis
860 3789 1029 3868 pueri
1068 3786 1277 3848 dedita
1322 3787 1642 3848 celebritas
1687 3786 2108 3868 impedimento

196 3881 543 3944 crudelitati
570 3883 708 3955 fuit,
731 3887 875 3963 quin
920 3905 1029 3966 per
1052 3885 1289 3946 eosdem
1328 3885 1457 3944 dies
1482 3883 1912 3965 Cyrenensium
1957 3887 2104 3946 ami-

196 3999 401 4041 corum
418 3980 718 4061 principes
740 3980 1061 4054 occideret,
1072 4002 1322 4064 quorum
1342 4001 1525 4064 opera
1548 3981 1870 4064 perductus
1891 3981 1951 4039 in
1972 3999 2103 4061 reg-

196 4096 339 4136 num
359 4076 761 4138 Alexandrian
784 4077 1003 4140 fuerat.
1072 4077 1276 4139 Causa
1298 4087 1483 4139 tantae
1506 4078 1756 4139 saevitiae
1781 4076 1918 4149 fuit,
1941 4077 2104 4158 quod

198 4193 397 4252 regem
420 4173 613 4234 amice
644 4184 1011 4248 monuerant,
1054 4183 1175 4235 ‘ne
1214 4195 1483 4246 uxorem,
1523 4194 1562 4234 a
1602 4195 1726 4255 qua
1764 4183 1828 4234 et
1861 4193 2104 4253 regnum

199 4269 381 4348 paulo
406 4279 569 4342 ante,
594 4279 659 4331 et
678 4291 835 4332 nunc
858 4276 1103 4354 stirpem
1132 4273 1401 4390 haberet,
1428 4272 1664 4355 pellicis
1705 4271 1911 4332 Irenes
1932 4271 2104 4332 blan-

200 4366 477 4429 dimentis
508 4368 928 4450 posthaberet!
