3225 5242
775 613 984 664 mum
1039 612 1270 664 mxxi.
1318 613 1972 667 suspensurum.
2316 599 2491 667 4421

245 762 446 822 tante:
493 751 957 836 haudquaquam
993 757 1162 837 parvi
1190 755 1268 816 ad
1303 756 1506 818 omnia
1529 758 1810 818 momenti
1834 755 2007 820 favor
2033 755 2166 819 Ita-

247 851 494 914 licorum
525 853 876 935 populomm
901 853 962 914 in
988 854 1244 915 comitiis
1269 863 1416 916 erat.

325 957 429 1011 11.
473 949 656 1013 Prior
679 961 880 1013 tamen
907 960 1088 1032 atque
1113 955 1311 1035 potior
1335 973 1482 1016 cura
1509 952 1711 1015 Druso
1732 952 1871 1027 suit,
1894 962 1964 1014 ut
1986 953 2166 1036 plebe
2188 953 2405 1024 Appi-n.

249 1047 535 1111 Romana
572 1051 958 1132 tribubusque
1001 1051 1274 1132 propitiis
1310 1061 1608 1114 uteretur:
1654 1052 1715 1112 id
1751 1052 1854 1114 ubi
1879 1073 2163 1114 consecu-

247 1155 344 1207 tus
387 1157 566 1221 esset,
607 1158 806 1210 cetera
847 1149 962 1210 sibi
997 1149 1058 1208 in
1103 1149 1356 1230 proclivi
1394 1149 1592 1211 futura
1626 1151 1888 1212 rebatur.
1970 1151 2167 1231 Igitur

135 1304 144 1316 ,
247 1244 512 1327 quodam
535 1255 825 1328 tempore,
851 1266 988 1308 cum
1015 1245 1378 1308 incredibilis
1409 1247 1716 1309 hominum
1750 1247 1839 1310 vis
1873 1247 1954 1309 ad
1979 1259 2169 1310 rostra

247 1347 663 1417 concurrisset,
705 1345 889 1406 talem
931 1346 1260 1406 orationem
1303 1346 1554 1408 habuit:
1599 1355 1619 1385 ⁶
1644 1346 1823 1428 Saepe
1863 1367 1975 1426 ego
2022 1346 2167 1408 ado-

247 1443 631 1514 lescentulus,
669 1453 852 1524 atque
885 1444 1068 1504 etiam
1110 1464 1282 1526 puer,
1318 1445 1506 1526 patris
1539 1446 1659 1506 mei
1698 1443 1793 1505 M.
1825 1442 2012 1506 Drusi
2046 1464 2171 1504 ser-

247 1541 524 1602 monibus
549 1541 809 1614 interfui,
833 1561 970 1603 cum
1011 1540 1088 1602 de
1114 1541 1421 1624 republica
1446 1562 1582 1603 cum
1607 1539 2003 1604 familiaribus
2026 1544 2169 1613 suis,

246 1639 618 1721 principibus
635 1639 894 1700 civitatis
919 1647 1156 1712 nostrat,
1183 1639 1532 1722 disputaret.
1616 1640 1785 1707 Quin
1810 1650 1874 1701 et
1898 1640 2173 1720 digressis

247 1735 372 1796 illis
421 1736 614 1797 multa
657 1737 1058 1799 sciscitantem
1101 1736 1417 1818 diligenter
1464 1735 1797 1800 edocebat:
1865 1737 2027 1820 quod
2076 1759 2172 1799 me

245 1833 459 1895 iisdem
487 1835 714 1896 artibus
737 1834 1116 1917 consiliisque
1149 1835 1582 1918 rempublicam
1608 1835 1938 1918 aliquando
1963 1856 2170 1918 capes-

242 1953 374 1994 sere
409 1931 676 2004 volebat,
703 1933 921 2012 quibus
959 1932 1062 1994 ille
1098 1953 1232 1995 eam
1265 1933 1779 2016 periculosissimis
1810 1934 2173 2016 temporibus

249 2030 647 2113 pulcherrime
671 2029 1130 2112 felicissimeque
1157 2031 1446 2110 gessisset.
1501 2030 1629 2092 Sed
1653 2051 1883 2092 summa
1906 2033 2171 2092 omnium

247 2148 322 2188 eo
349 2126 536 2187 ferme
563 2127 923 2209 pertinebat,
945 2137 1014 2188 ut
1032 2127 1390 2188 medicinam
1410 2126 1586 2187 rebus
1612 2127 1785 2206 aegris
1812 2127 2021 2188 afferre
2046 2136 2172 2188 stu-

249 2224 418 2286 denti
445 2233 582 2284 ante
607 2224 808 2286 omnia
845 2223 966 2284 duo
1005 2223 1266 2284 tenenda
1302 2223 1550 2296 diceret,
1576 2243 1715 2305 quoe
1738 2223 1843 2305 qui
1870 2223 2170 2304 neglexis-

247 2330 406 2392 sent,
431 2319 810 2382 exulcerasse
841 2322 1033 2402 magis
1053 2320 1328 2392 vulnera,
1361 2341 1544 2402 quam
1577 2341 1817 2382 masse
1851 2319 2172 2381 contende-

243 2420 397 2479 bat:
443 2418 718 2490 alterum,
745 2425 814 2477 ut
843 2416 924 2478 ad
955 2425 1145 2479 totam
1171 2416 1601 2500 rempublicam
1626 2415 1955 2479 curandam
1978 2418 2175 2478 omnis

245 2525 501 2579 conatus
535 2514 938 2584 conferretur-3
982 2515 1256 2604 alterum,
1281 2524 1373 2588 ut,
1399 2515 1558 2576 unde
1593 2517 1791 2596 majus
1822 2523 1979 2576 esset
2012 2516 2171 2596 peri-

250 2613 476 2684 culum,
505 2611 644 2673 inde
673 2613 961 2694 inciperet
995 2613 1310 2675 medicina.
1395 2611 1571 2674 Sicut
1603 2613 1763 2674 enim
1802 2613 1863 2673 in
1901 2633 2169 2693 corpore,

241 2711 486 2772 etiamsi
510 2711 661 2771 forte
687 2712 1012 2771 membrum
1041 2707 1285 2792 aliquod
1310 2711 1614 2792 ita-foveri
1639 2710 1843 2791 alique
1864 2718 2083 2792 posset,
2104 2719 2172 2770 ut

251 2809 592 2868 inusitatam
619 2809 680 2868 in
721 2807 939 2869 molem
975 2817 1157 2891 atque
1195 2805 1621 2870 firmitudinem
1660 2807 2045 2878 evalesceret,
2076 2815 2168 2866 ta-

251 2923 388 2966 men
411 2903 584 2978 illud,
611 2914 898 2987 tanquam
923 2913 1089 2967 certa
1113 2906 1296 2986 pestis
1317 2905 1478 2966 illius
1502 2906 1687 2966 etiam
1711 2914 1835 2965 tam
1854 2903 2172 2983 diligenter

251 3011 476 3062 curatae
523 3005 729 3084 partis,
773 3003 1155 3064 vehementer
1205 3011 1362 3063 esset
1404 3001 1755 3063 vitandum:
1824 3001 1912 3061 ita
1960 3001 2063 3082 qui
2110 3001 2171 3060 in

251 3099 596 3160 civitatibus
621 3118 947 3181 paucorum
969 3099 1298 3180 potentiam
1327 3098 1502 3160 nimis
1523 3097 1874 3169 extendere,
1897 3106 2008 3158 >aut
2030 3117 2171 3157 con-

253 3205 349 3256 tra
399 3195 589 3278 plebis
637 3216 784 3276 opes
825 3216 1006 3278 supra
1055 3195 1297 3258 modum
1337 3217 1554 3275 augere
1593 3195 2007 3264 insumemnt3
2070 3213 2175 3254 eas

252 3293 602 3374 plerumque
626 3292 1022 3355 conciliarunt
1045 3294 1272 3366 turbas,
1310 3312 1390 3355 ex
1421 3294 1642 3374 quibus
1674 3301 1741 3354 et
1772 3291 1906 3374 ipsi,
1934 3300 1998 3352 et
2023 3310 2176 3372 quos

241 3389 630 3452 confirmatos
654 3390 997 3471 cupiebant,
1025 3390 1086 3450 in
1124 3391 1388 3473 pejorem
1413 3389 1837 3461 conditionem,
1860 3409 2043 3470 quam
2068 3407 2174 3449 an·

253 3497 356 3548 tea
381 3487 751 3558 habuissent,
780 3485 1136 3548 inciderunt.

337 3590 439 3644 12.
485 3593 504 3620 ⁸
525 3583 721 3662 Igitur
769 3592 941 3665 pater
987 3603 1173 3655 meus,
1229 3583 1340 3644 illo
1389 3581 1872 3665 suspiciosissimo
1912 3592 2173 3664 tempore

243 3679 744 3742 -Gracchanorum
769 3679 1151 3752 tumultuum,
1179 3700 1296 3742 non
1321 3689 1606 3763 tanquam
1634 3681 1788 3741 inter
1813 3678 1976 3742 bello
2003 3679 2177 3739 dissi·

253 3779 466 3839 dentes
502 3777 784 3857 legendas
823 3779 938 3839 sibi
984 3787 1183 3860 partes
1225 3781 1544 3840 arbitratus
1583 3787 1697 3851 est,
1734 3777 1842 3839 sed
1890 3787 2176 3856 tanquam

257 3875 526 3957 ejusdem
553 3875 716 3935 urbis
739 3877 902 3936 cives
925 3859 1258 3936 communis
1279 3874 1558 3940 utilitatis
1591 3874 1834 3936 viuculo
1870 3873 2175 3934 continen-

259 3974 410 4036 dos:
473 3971 635 4034 baud
679 3971 860 4033 dubie
907 3973 1193 4054 quieturis
1235 3971 1616 4044 factionibus,
1664 3973 1769 4033 ubi
1815 3991 1879 4032 se
1924 3972 2177 4052 quisque

258 4069 492 4132 videret
515 4079 870 4143 assecutum,
907 4069 1194 4153 quicquid
1221 4069 1392 4132 salva
1425 4069 1735 4152 republica
1758 4069 2177 4150 concupiscere

260 4187 334 4230 ac
373 4189 611 4250 sperare
652 4169 958 4250 potuisset.
1045 4167 1220 4228 Felix
1257 4166 1318 4228 id
1353 4167 1671 4229 consilium
1706 4165 1862 4227 fuit:
1908 4185 2019 4227 nec
2056 4163 2177 4224 alio

261 4277 390 4327 tum
416 4267 676 4328 remedio
710 4267 1085 4328 Gracchanae
1111 4265 1436 4328 seditiones
1457 4266 1758 4337 cohibitae,
1779 4262 2000 4325 Patres
2030 4262 2177 4323 facti

262 4363 602 4446 populares,
629 4363 902 4444 placatus
923 4365 1156 4424 senatui
1182 4362 1460 4445 populus,
1487 4345 1669 4444 quum
1696 4360 1857 4443 quod
1882 4361 1969 4420 ita
1991 4359 2175 4420 tribu·

267 4472 472 4522 natum
503 4463 683 4541 gessit
707 4459 955 4533 Drusus,
987 4471 1053 4522 ut
1076 4462 1192 4522 sibi
1217 4460 1363 4522 nihil
1391 4470 1608 4542 praeter
1634 4457 1898 4520 laborem
1934 4465 1996 4517 et
2024 4455 2174 4538 peri·
