3225 5242
757 574 968 627 maru
1023 573 1154 627 nx.
1195 572 1854 628 surrummwruu.
2016 556 2027 569 “
2168 550 2177 559 ’
2244 559 2419 629 4167

187 716 447 799 spatium
466 718 740 779 omnibus
763 719 1096 801 promiscue
1121 726 1384 781 utuntur.
1467 716 1637 781 Aliae
1660 718 1821 781 enim
1858 716 1939 781 ad
1966 718 2097 779 lon·-

187 817 384 896 giores
409 816 616 894 jactus
653 824 792 877 sunt
817 816 1284 878 commodioresz
1329 815 1466 879 aliar
1484 816 1759 899 propiore
1790 824 1950 877 meta
1966 836 2095 877 cer·

186 917 308 975 tius
341 914 720 996 validiusque
759 914 996 977 feriunt.
1073 913 1223 976 Hoc
1261 914 1390 976 solo
1415 934 1629 995 genere
1649 934 1943 975 armorum
1970 928 2093 975 me-

187 1011 406 1099 tutandi¹
417 1020 578 1085 sunt,
595 1012 894 1073 tribuente
919 1010 1046 1073 illis
1063 1013 1326 1093 vigorem
1351 1033 1426 1074 ac
1451 1012 1727 1093 peritiam
1754 1032 1887 1085 usu,
1914 1032 2095 1093 quem
2118 1020 2247 1073 Flor.

187 1129 228 1171 a
245 1112 466 1171 teneris
485 1110 808 1171 adhibent:
850 1130 1044 1192 neque
1061 1120 1280 1171 matres
1303 1130 1517 1192 panem
1543 1117 1681 1171 aute
1703 1109 1851 1171 dare
1882 1108 2093 1171 dicun·

185 1214 288 1267 tur
311 1206 662 1282 infantibus,
691 1228 874 1289 quam
897 1210 1064 1291 scopi
1097 1208 1292 1269 vicem
1325 1208 1691 1291 propositum
1724 1206 1912 1269 funda
1928 1208 2095 1287 deje-

187 1306 402 1367 cerint.
576 1330 586 1337 ·

210 1446 218 1453 -
273 1408 378 1465 oe.
421 1402 762 1465 Pacificum
783 1403 934 1465 alias
952 1404 1256 1465 hominum
1275 1422 1483 1483 genus,
1505 1402 1672 1480 (cum
1694 1399 1893 1462 studio
1912 1420 2095 1483 pecu-
2120 1404 2277 1456 strab.

189 1502 310 1562 niae
334 1498 650 1582 plerasque
669 1500 961 1561 bellorum
987 1521 1200 1563 causas
1231 1502 1629 1580 abjecerant,)
1644 1518 1979 1581 ‘paucomm
2010 1506 2099 1559 te·

187 1600 438 1659 meritas
477 1600 538 1659 iu
582 1598 968 1670 calumniam,
1019 1606 1084 1659 et
1127 1618 1206 1659 ex
1226 1598 1548 1680 *calumnia
1585 1598 1647 1657 in
1694 1596 2102 1657 calamitatem

189 1696 402 1757 traxit.
488 1695 632 1757 Nec
651 1697 809 1757 enim
833 1694 1078 1778 publico
1115 1694 1364 1757 consilio
1387 1714 1550 1755 mare
1575 1692 1856 1755 infestum
1874 1692 2102 1753 habue-

193 1800 335 1853 runt
355 1812 374 1853 ε
417 1792 526 1855 sed
543 1793 800 1875 cupidus
817 1794 1102 1875 triumphi
1121 1792 1350 1863 consul,
1371 1792 1610 1853 noxiam
1634 1791 1825 1851 videri
1847 1799 2103 1870 gentem,

191 1911 378 1971 quam
419 1892 546 1973 ipse
581 1911 708 1953 esse
745 1892 1046 1962 innocens,
1073 1889 1384 1951 maluerat.
1471 1888 1621 1951 Hoc
1648 1890 1735 1949 ita
1754 1888 2041 1949 traditum
2068 1908 2107 1948 a

191 1990 426 2049 ratione
445 2008 561 2079 nou
589 1989 885 2050 abhorret.
971 1986 1113 2049 Nec
1151 1990 1322 2049 enim-
1337 1987 1490 2048 duas
1519 1987 1663 2047 istas
1704 1984 1927 2047 insulas
1962 2006 2105 2048 con-

191 2096 542 2147 sentaneum
559 2094 652 2145 est
669 2106 836 2147 ma
855 2084 1162 2159 Romana,
1189 2105 1441 2167 quorum
1469 2104 1586 2145 nou
1611 2084 1967 2163 ignorabant
1993 2105 2104 2166 po·-

193 2184 472 2257 teutiam,
497 2185 562 2245 in
585 2204 650 2245 se
673 2185 976 2246 concitare
1001 2184 1278 2247 voluisse.
1362 2182 1534 2245 Illud
1569 2183 1749 2243 etiam
1788 2180 2105 2242 incredibi-

195 2282 338 2356 lius,
360 2282 622 2344 venienti
649 2283 728 2343 ab
753 2281 880 2343 alto
906 2281 1202 2344 Romanae
1219 2281 1420 2355 classi,
1453 2279 1614 2363 quod
1640 2278 1905 2360 praedam
1930 2288 2105 2361 puta-
2130 2285 2255 2336 Flor.

195 2388 352 2451 rent,
373 2378 534 2441 ultro
557 2380 899 2441 occurrisse.

275 2482 385 2541 37.
426 2476 613 2544 Quod
638 2477 784 2537 satis
806 2484 1036 2537 certum
1061 2482 1178 2549 est,
1201 2475 1326 2537 vim
1351 2475 1699 2559 propulsare
1724 2478 1927 2539 conati
1954 2498 2107 2560 proe-
2130 2482 2287 2534 strab.
2380 2545 2393 2553 ,

195 2574 350 2637 lium
376 2596 514 2637 acre
542 2575 849 2646 fecerunt3
893 2584 1116 2637 tenore
1143 2584 1344 2637 tamen
1361 2580 1614 2657 majore,
1639 2592 1821 2657 quam
1848 2578 2107 2641 damno:

195 2674 346 2754 quia
377 2672 672 2735 Metellus
703 2694 884 2755 super
913 2673 1189 2735 tabulata
1225 2674 1468 2736 navium
1507 2674 1699 2757 pelles
1732 2676 2109 2747 extenderat,

195 2770 422 2851 quibus
445 2779 708 2853 excepta
731 2771 990 2831 hostium
1013 2770 1262 2832 missilia
1281 2773 1528 2833 innoxia
1543 2772 1851 2835 caderent.
1914 2772 2115 2853 Igitur

197 2867 382 2930 simul
407 2870 678 2931 cominus
697 2878 966 2943 ventum,
993 2879 1058 2931 et
1075 2869 1358 2932 adversus
1381 2871 1574 2931 nudos
1597 2870 1727 2954 pila
1748 2872 1971 2953 conjici
1992 2892 2112 2933 οω-

201 2987 372 3048 pere,
398 2968 698 3048 pecudum
725 2968 786 3028 in
811 2987 1034 3029 morem
1061 2966 1300 3029 sublato
1337 2968 1600 3029 clamore
1626 2968 1869 3051 dilapsi,
1894 2972 2111 3052 sparsi-

201 3086 324 3146 que
339 3065 402 3125 in
423 3066 728 3147 proximos
741 3064 1023 3138 tumulos,
1043 3068 1271 3146 majore
1292 3065 1508 3126 deinde
1527 3065 1735 3126 labore
1750 3068 2109 3141 inveniendi,
2134 3081 2261 3135 Flet.

201 3182 392 3243 quam
423 3162 702 3223 vincendi
727 3160 984 3223 fuerunt.
1069 3161 1254 3222 Unde
1280 3161 1546 3224 infestior
1571 3161 1767 3234 miles,
1794 3161 2113 3244 plurimum

203 3262 434 3341 ubique
448 3260 752 3340 sanguinis
767 3259 945 3321 fudit.
1026 3258 1254 3320 Consul
1273 3258 1454 3321 facile
1475 3261 1707 3340 pacatis
1729 3258 2111 3334 Balearibus,
2134 3279 2275 3331 οη..
2292 3286 2440 3333 mu,

201 3358 528 3439 reliquum⁸
553 3358 788 3439 imperii
835 3366 1071 3439 tempus
1113 3358 1360 3417 urbibus
1408 3356 1735 3418 condendis
1770 3358 2113 3419 consumsit.

205 3456 438 3517 Palma
463 3456 751 3529 orientem
775 3474 1002 3528 versus,
1027 3456 1088 3514 in
1113 3453 1366 3516 occidua
1383 3463 1557 3537 parte
1573 3454 1783 3515 insulae
1803 3454 2116 3517 Pollentia
2168 3476 2325 3527 strab.
2354 3482 2407 3527 et

202 3564 302 3615 est
323 3554 538 3636 posita.
621 3551 699 3613 In
723 3553 834 3614 has
857 3572 936 3613 ex
963 3551 1216 3614 coloniis
1251 3552 1473 3614 civium
1512 3536 1947 3624 Romanorum,
1976 3573 2113 3635 quae
2136 3542 2311 3659 fimi>-
2328 3542 2443 3593 Me-

205 3652 270 3711 in
299 3650 610 3733 Hispania
627 3660 819 3723 erant,
840 3652 960 3712 tria
977 3651 1238 3711 virorum
1257 3649 1450 3711 millia
1465 3652 1578 3711 scri
1586 3658 1710 3731 pta.
2136 3671 2295 3723 sm,

219 3786 238 3795 -
288 3754 395 3810 38.
437 3747 658 3810 Bomae
671 3748 1038 3831 triumphum
1059 3748 1176 3809 hoc
1195 3766 1353 3808 anuo
1373 3747 1472 3810 M.
1498 3747 1749 3808 Fulvius
1768 3744 2115 3828 proconsule
2140 3768 2444 3835 ruflcqfit,

205 3848 430 3909 duxit:
473 3867 654 3927 quem
697 3844 1174 3907 Massiliensibus
1215 3845 1390 3906 sociis
1431 3843 1745 3905 adversum
1786 3842 2031 3904 infestos
2056 3852 2119 3902 et
2140 3866 2252 3920 Li..
2276 3867 2411 3933 Epic.

209 3952 614 4029 praepotentes
637 3943 876 4007 accolas
901 3942 1130 4005 auxilio
1155 3941 1488 4023 profectum
1513 3941 1693 4003 finisse
1718 3941 1779 4001 in
1803 3938 2117 4001 consulatu

211 4043 499 4105 diximus.
563 4040 824 4103 Salluvii
849 4040 1146 4125 praecipue
1176 4039 1508 4100 Massiliam
1533 4040 1847 4119 urgebant,
1868 4054 2118 4118 quorum
2142 4061 2245 4115 Liv.
2270 4078 2321 4113 v.
2344 4066 2431 4116 ῃ.

209 4142 276 4201 in
325 4161 476 4221 agro
515 4138 780 4212 condita,
813 4158 970 4201 nunc
1007 4138 1234 4199 invidia
1275 4136 1682 4209 finitimorum,
1730 4156 1889 4197 nunc
1932 4142 2117 4207 metu,

213 4258 522 4321 nunquam
541 4256 657 4298 non
683 4236 824 4300 odio
847 4236 1247 4318 premebatur.

220 4358 230 4364 ·
293 4343 398 4397 ³0.
443 4334 696 4397 Fulvius
735 4343 937 4397 tamen
975 4354 1070 4395 res
1101 4332 1266 4395 haud
1290 4352 1434 4394 sane
1459 4350 1706 4412 magnas
1730 4332 1815 4393 ibi
1841 4337 2120 4410 gesserat,
2178 4378 2238 4427 Μ

215 4434 528 4515 magisque
554 4434 768 4495 ominis
791 4452 975 4494 causa
1005 4432 1337 4514 triumphus
1368 4432 1426 4493 ei
1463 4429 1645 4492 datus
1676 4428 1870 4491 videri
1905 4434 2123 4509 potest,
2152 4378 2383 4495 ”35¹⁰
