3225 5242
787 518 964 611 4324
1171 594 1180 605 ,
1750 534 1819 581 τ.
1868 534 2065 581 mvn
2170 564 2175 571 .

1117 686 1267 750 erat,
1315 677 1751 759 praeacipitatum
1798 675 2187 743 exclamasse,
2242 684 2260 713 ‘
2286 676 2433 757 proh
2480 674 2771 737 Herculis
2810 674 3017 747 fidem,

1114 793 1296 855 quam
1333 772 1612 853 frigidum
1648 781 1905 835 vestrum
1928 782 2019 833 est
2041 772 2321 833 balneum
2343 774 2383 832 !‘
2465 773 2565 833 Ibi
2600 773 2841 833 demum
2875 773 3021 843 loci,

1111 880 1348 933 sextum
1375 871 1436 931 in
1461 870 1621 930 diem
1646 890 1782 939 cum
1806 869 1963 929 fame
1982 878 2045 929 et
2067 870 2193 929 vita
2217 870 2453 931 luctans
2476 869 2715 950 spiritus
2732 870 3019 951 expulsus

1117 977 1246 1029 est:
1287 986 1426 1027 cum
1471 986 1649 1047 super
1692 966 1892 1027 omnia
1930 965 2116 1038 mala,
2148 967 2329 1027 etiam
2362 967 2423 1026 in
2458 966 2551 1027 his
2584 955 2765 1027 malis'
2780 966 3029 1027 vivendi

821 1049 991 1100 sidon.
1047 1084 1058 1094 ·
1116 1063 1414 1146 cupiditas
1439 1064 1803 1124 accessisset.
1888 1062 2051 1123 Haec
2076 1065 2163 1125 ita
2186 1063 2505 1142 diligenter
2526 1063 2717 1123 relata
2736 1066 3027 1143 majorem

785 1114 1040 1231 &³3:¹¹⁶
1119 1160 1280 1243 apud
1329 1182 1424 1221 me
1469 1160 1652 1221 fidem
1691 1160 2017 1233 inveniunt,
2059 1182 2241 1241 quam
2280 1162 2443 1241 quod
2483 1160 2590 1221 alii
2608 1160 3027 1232 -tradiderunt,

787 1244 932 1359 ἕω*
944 1260 994 1295 v.
1012 1246 1094 1295 ¹⁵·
1117 1267 1286 1339 puto,
1311 1257 1475 1340 quod
1498 1258 1584 1317 sic
1610 1276 1833 1317 morem
1860 1256 2039 1319 fuisse
2072 1258 2363 1329 sciebant,
2402 1259 2464 1319 in
2488 1278 2727 1319 carcere
2754 1266 3027 1337 strangu-

785 1317 1037 1489 0³33}
1116 1354 1326 1417 latum.
1418 1353 1518 1415 De
1569 1353 1711 1415 filiis
1752 1353 2061 1415 humanius
2102 1355 2476 1416 consultum:
2519 1364 2584 1417 et
2626 1354 2779 1416 alter
2818 1354 3027 1435 utique

832 1455 895 1491 ¹⁹·
911 1454 952 1490 ¹·
1008 1473 1027 1489 ·
1120 1450 1415 1525 Oxintas‚'
1437 1452 1707 1534 proximo
1752 1449 1916 1511 bello
1958 1451 2165 1512 sociali
2210 1452 2406 1513 adhuc
2444 1450 2731 1513 Venusiae
2774 1452 2839 1511 in
2890 1470 3026 1511 cus-

1115 1548 1286 1609 todia
1307 1548 1440 1611 fuit.
2212 1552 2220 1577 '

1195 1650 1298 1705 21.
1624 1650 1639 1665 '
1791 1650 1804 1663 '
2104 1648 2115 1661 ⁰
2266 1648 2307 1705 h
2536 1646 2671 1705 simi
2718 1645 2871 1705 imus
2922 1664 3027 1705 ne-

1113 1760 1228 1819 que
1251 1646 1440 1805 muffi
1459 1648 2539 1815 gffissffhtffizgggtilzuzffle
2562 1741 2642 1802 ad
2658 1644 3027 1803 (iblividnem

786 1842 896 1928 lxiv.
919 1842 1053 1907 Epit.
1113 1839 1290 1899 moris
1305 1843 1486 1921 patrii
1511 1844 1685 1903 rebus
1704 1842 1994 1925 prosperis
2018 1840 2237 1913 elatus,
2256 1842 2381 1901 sive
2406 1840 2601 1901 sciens
2618 1838 3027 1920 prudensque,

784 1907 1091 2037 ,Γῗδρξὲζω
1113 1937 1316 1995 statim
1341 1959 1380 1998 a
1402 1959 1582 2001 curru
1609 1961 1748 2001 cum
1786 1938 2133 2021 triumphali
2170 1946 2335 1999 veste
2374 1937 2715 2017 calceisque
2758 1935 3029 2016 puniceis

785 1988 920 2087 Primi.
1115 2032 1176 2091 in
1201 2042 1472 2096 senatum
1496 2038 1687 2108 venit,
1713 2056 1891 2117 quem
1908 2036 1988 2097 ad
2016 2035 2078 2095 id
2106 2044 2341 2117 tempus
2364 2036 2426 2095 in
2452 2033 2764 2115 Capitolio
2786 2032 3026 2093 indixe-

1113 2136 1227 2284 rat.
1305 2130 1537 2194 Tamen
1564 2134 1668 2195 ubi
1702 2152 1766 2193 se
1802 2132 1997 2195 oculis
2018 2131 2311 2212 vultuque
2334 2130 2597 2191 omnium
2621 2128 2777 2191 vidit
2804 2130 3027 2285 nrztdnlri,

1112 2244 1184 2285 ce
1207 2227 1386 2289 eriter
1411 2250 1700 2309 egressus,
1728 2232 1789 2291 in
1814 2230 1994 2291 solita
2017 2229 2462 2309 magistratibus
2494 2233 2790 2309 praetexta
2940 2227 3027 2287 ’it

1113 2320 1264 2384 Hoc
1319 2324 1554 2388 Marius
1593 2328 1760 2401 fecit,
1812 2346 1949 2389 cum
1994 2326 2188 2387 ferreo
2234 2326 2432 2387 adhuc
2476 2324 2697 2385 annulo
2740 2332 3025 2393 uteretur,

817 2434 952 2483 Plin.
1112 2438 1292 2499 quem
1335 2425 1514 2487 tertio
1563 2424 1803 2486 demum
1841 2424 2155 2485 consulatu
2206 2432 2463 2485 mutasse
2513 2440 2695 2481 aureo
2739 2418 3027 2481 traditum

787 2512 996 2550 xxxin.
1019 2504 1069 2553 1.
1111 2524 1223 2579 est·

1191 2621 1296 2677 22.
1339 2616 1623 2680 Ceterum
1647 2620 1710 2680 in
1734 2630 1943 2681 senatu
1984 2621 2062 2681 de
2106 2620 2425 2702 provinciis
2453 2629 2519 2681 et
2546 2620 2914 2691 exercitibus
2938 2620 3027 2678 ita

1109 2709 1449 2773 decretum:
1494 2725 1512 2753 ‘
1535 2717 1625 2776 uti
1652 2716 1731 2779 C.
1760 2716 1995 2778 Marius
2026 2717 2255 2787 consul,
2292 2718 2391 2777 cui
2423 2720 2559 2797 jam
2593 2728 2769 2779 extra
2802 2722 3024 2777 sortem

817 2814 983 2867 rmnt.
1108 2806 1257 2868 data
1284 2809 1498 2872 Gallia
1521 2821 1672 2886 erat,
1698 2814 2047 2875 facultatem
2066 2813 2325 2893 eligendi
2350 2815 2649 2876 exercitus
2672 2814 2927 2875 haberet
2943 2830 3025 2871 ex

783 2880 930 2933 ⁸²¹²·
946 2885 1088 2947 ’ν’-2·
1107 2908 1366 2981 duobus,
1402 2928 1653 2988 quorum
1688 2910 1842 2971 alter
1872 2912 1984 2971 sub
2009 2910 2093 2971 P.
2124 2910 2385 2983 Rutilio,
2421 2911 2574 2973 alter
2596 2912 2707 2972 sub
2737 2908 3023 2979 Metello,

1108 3016 1173 3069 et
1205 3013 1414 3088 postea
1449 3006 1562 3067 sub
1604 3008 1735 3089 ipso
1762 3006 1965 3068 Mario
2000 3016 2320 3067 meruerat.
2405 3007 2629 3068 Utrum
2660 3006 3023 3087 reliquiaeet,

1110 3124 1248 3165 cum
1283 3124 1356 3164 eo
1389 3103 1627 3182 collega
1662 3103 1739 3166 C.
1781 3104 1963 3165 Marii
2002 3104 2080 3166 C.
2115 3104 2361 3165 Flavius
2399 3103 2603 3166 Italiae
2638 3102 3029 3187 praesideret!

1114 3199 1192 3261 O.
1222 3200 1456 3261 Marius
1482 3198 1889 3272 Rutilianum,
1916 3202 2201 3261 minorem
2228 3200 2493 3281 quidem,
2520 3201 2625 3263 sed
2645 3202 2790 3283 quia
2806 3200 3025 3261 certio-

1111 3298 1193 3357 ris
1215 3296 1547 3377 disciplinae
1573 3299 1998 3369 arbitrabatur,
2025 3299 2401 3379 praeoptavit.

822 3427 956 3480 ven·
977 3442 1044 3480 η.
1193 3398 1296 3456 23.
1341 3392 1466 3453 Sed
1485 3394 1585 3453 hic
1603 3404 1668 3454 et
1692 3415 1943 3475 sequens
1968 3415 2180 3467 annus,
2198 3396 2285 3455 uti
2302 3396 2429 3455 sine
2453 3392 2737 3455 conflictu
2757 3390 3026 3452 Cimbri-

787 3496 870 3546 12.
1111 3510 1312 3551 corum
1340 3510 1658 3563 armorum,
1686 3493 1773 3552 ita
1798 3513 1913 3553 non
1936 3493 2061 3552 sine
2088 3502 2247 3553 metu
2272 3512 2477 3553 eorum
2505 3491 2903 3553 transierunt:
2931 3488 3025 3549 id-

1113 3606 1230 3667 que
1265 3606 1460 3647 causae
1488 3587 1625 3676 fuit,
1660 3610 1768 3654 cur
1792 3590 1982 3671 primo
2006 3591 2265 3650 omnium
2293 3590 2371 3651 C.
2404 3588 2608 3650 Mario
2632 3596 2727 3649 tot
2746 3585 3026 3647 consula-

784 3704 924 3759 Plut.
1112 3692 1208 3743 tus
1243 3684 1750 3747 continuarentur.
1831 3686 1955 3747 Ine
1992 3688 2227 3747 interim
2256 3708 2363 3769 per
2394 3686 2725 3747 absentiam
2764 3684 3027 3745 hostium

1109 3779 1366 3861 spatium
1391 3780 1709 3842 exercendi
1744 3782 1949 3845 militis
1974 3794 2206 3855 nactus,
2246 3792 2456 3844 contra
2480 3780 2749 3863 pericula
2780 3760 3027 3850 fortem,

1109 3884 1173 3937 et
1220 3876 1763 3939 obedientissimum
1808 3880 2147 3961 imperatori
2196 3881 2363 3941 fecit.
2456 3877 2787 3940 Innovavit
2836 3876 3026 3936 etiam

1108 3973 1395 4034 nonnulla
1437 3974 1498 4034 in
1532 3994 1596 4035 re
1636 3975 1899 4049 militari,
1942 3977 2095 4037 inter
2138 3996 2271 4056 quae
2311 3976 2523 4037 ceteris
2560 3976 2764 4054 signis,
2804 3973 3028 4054 quibus

779 4087 986 4140 Ρῶμε.
1005 4091 1056 4141 4,
1109 4067 1373 4148 legiones
1405 4070 1937 4153 distinguebantur,
1966 4072 2277 4147 abdicatis,
2306 4073 2464 4134 solas
2498 4071 2732 4154 aquilas
2755 4070 3024 4131 retinuit.

1111 4164 1236 4228 Sed
1275 4168 1474 4229 omnia
1515 4169 1667 4229 bene
1704 4178 1844 4231 acta
1890 4171 2239 4252 provisaque
2286 4171 2471 4232 vincit
2509 4170 2733 4249 insigne
2768 4166 3025 4237 factum,

1108 4282 1230 4344 quo
1254 4263 1704 4327 admirationem
1732 4267 1891 4348 apud
1925 4288 2150 4343 omnes,
2189 4288 2563 4351 amoremque
2602 4264 2763 4349 apud
2798 4264 3026 4326 milites

1107 4360 1513 4425 incredibilem
1539 4364 1881 4447 promeruit.
