3225 5242
807 522 1020 573 mum
1071 522 1304 575 nxln.
1343 476 1995 591 SUPPLBBBNTK‘JH·

285 663 604 747 Ignoscere
625 664 928 728 consulem
951 664 1191 738 debere,
1209 666 1258 727 si
1283 668 1546 731 homines
1571 668 1651 731 sb
1674 668 1884 731 ultimo
1908 666 2189 751 aquilone

282 762 558 843 profecti,
600 783 722 843 quo
751 764 890 842 jure
927 765 1190 844 regiones
1225 764 1306 826 nd
1342 764 1693 827 Danuuium
1723 774 1937 837 essent,
1982 785 2189 847 purum

279 859 568 920 cullennt.
659 858 862 919 Unum
893 880 958 919 se
993 868 1240 933 nuturae,
1279 862 1727 942 comprobatum
1759 862 2018 922 omnium
2044 880 2189 940 gen-

281 954 432 1015 tium
477 974 782 1027 consensu,
819 953 1012 1035 legem
1047 958 1219 1028 scire,
1262 966 1327 1017 ut
1366 960 1764 1039 potentiorum
1796 960 1917 1019 sint
1949 957 2147 1018 omnin
2167 976 2187 1026 ς

279 1067 474 1131 neque
497 1072 668 1111 suum
694 1053 828 1132 quis
852 1070 978 1112 esse
1003 1062 1192 1134 putet,
1219 1054 1380 1134 quod
1409 1056 1637 1117 nesciet
1660 1055 1839 1115 armis
1855 1053 2187 1123 defendere.

283 1145 508 1227 Neque
541 1146 715 1209 aliter
757 1148 1097 1209 existimare
1138 1149 1421 1231 populum
1461 1150 1808 1212 Romanum
1852 1149 1929 1210 ud
1962 1158 2188 1210 tuntum

279 1245 614 1324 pervenisse
638 1244 1124 1327 amplitudinem„
1139 1266 1320 1325 quam
1344 1245 1508 1327 quod
1533 1247 1606 1307 iis
1630 1248 1977 1327 quibuscum
2006 1266 2187 1325 nego-

279 1340 430 1400 tium
453 1340 778 1413 habuisset,
819 1343 996 1401 armis
1029 1342 1240 1403 fuisset
1266 1344 1655 1424 praestantior.
1738 1341 1895 1403 Inde
1916 1342 2187 1403 nimirum

277 1434 528 1511 fuctum,
554 1447 622 1497 ut
645 1436 972 1499 clarissima
996 1438 1126 1518 ejus
1159 1439 1388 1520 imperii
1413 1438 1596 1511 furna,
1613 1444 1759 1501 'cum
1782 1448 2067 1519 terrarum
2090 1458 2186 1501 or-

275 1532 416 1593 bem
442 1535 786 1614 pervaserit,
811 1536 1032 1594 nemini
1053 1535 1238 1615 possit
1261 1555 1386 1595 esse
1413 1536 1634 1615 ignote.

359 1634 462 1690 24.
505 1640 526 1667 ‘
551 1629 634 1690 Se
661 1650 922 1711 quoque,
947 1628 1164 1691 auditis
1187 1651 1324 1712 quae
1347 1630 1424 1691 de
1460 1630 1625 1691 illius
1648 1630 1917 1711 potentin
1938 1639 2001 1691 et
2036 1648 2184 1711 pug-

275 1727 538 1787 nacitate
575 1728 796 1807 ubique
852 1726 1268 1809 praedicentur,
1306 1727 1576 1789 Romani
1618 1728 1871 1789 nominis
1915 1748 2185 1789 reveren-

275 1824 448 1894 tiam,
493 1822 884 1884 admiratione
923 1824 1157 1885 virtutis
1193 1825 1346 1903 ejus,
1384 1825 1528 1885 olim
1565 1824 1839 1885 induisse.
1920 1824 2185 1906 AEquum

276 1920 438 1979 enim
476 1922 837 1992 existimare,
863 1928 931 1981 ut
954 1918 1116 2001 quod
1151 1940 1442 1981 summum
1471 1921 1534 1981 in
1567 1921 1840 1981 humanis
1862 1922 2039 1981 rebus
2059 1940 2185 1981 esse

273 2024 578 2087 censeant,
605 2016 710 2075 id
695 2036 756 2075 ιιι
787 2016 908 2075 illis
941 2016 1052 2098 qui
1085 2017 1344 2077 maxime
1369 2026 1672 2097 compotes
1690 2018 1821 2097 ejus
1844 2016 1991 2078 facti
2014 2016 2183 2079 vide-

277 2119 474 2183 antur,
500 2112 789 2174 honorent
809 2111 1151 2194 coluntque.
1237 2112 1477 2174 Idcirco
1511 2133 1705 2193 neque
1741 2122 1918 2173 nnteu
1946 2114 2184 2173 invasu-

273 2228 372 2269 ros
395 2207 577 2268 fuisse
595 2206 925 2281 Noricum,
951 2210 1002 2270 si
1025 2209 1333 2270 scivissent
1365 2210 1496 2289 ejus
1519 2210 1831 2270 tuitionem
1857 2208 1935 2269 nd
1970 2209 2180 2291 populi

276 2302 545 2365 Romani
583 2324 787 2366 curam
827 2306 1142 2387 pertinere,
1179 2313 1242 2367 et
1279 2324 1446 2384 nuuc¹
1476 2324 1713 2386 quoque
1748 2304 1909 2365 illius
1945 2306 2185 2366 honoris

271 2420 458 2461 ceusu
500 2400 780 2477 facturos,
807 2409 876 2463 ut
910 2401 1346 2484 quamprimum
1385 2421 1464 2463 ex
1509 2401 1581 2461 iis
1622 2400 1954 2481 regionibus
1987 2401 2181 2463 disce-

273 2497 442 2561 dent.

353 2604 458 2659 25.
519 2606 540 2636 ‘
559 2596 812 2661 Nullius
850 2596 1092 2679 quidem
1133 2619 1198 2659 se
1243 2600 1366 2660 vim
1410 2617 1483 2659 nc
1527 2618 1695 2659 nrmu
1734 2599 2179 2681 pertimescere:

271 2692 377 2757 sed
403 2694 728 2756 amicitiam
751 2694 1054 2756 fortissimi
1091 2694 1592 2775 potentissimique
1619 2695 1824 2777 populi
1849 2696 2025 2775 longe
2047 2694 2179 2776 plu-

271 2792 374 2860 ris,
411 2810 594 2873 quum
636 2798 830 2853 totum
872 2810 1076 2869 ugrum
1117 2788 1442 2862 Noricum,
1486 2790 1703 2853 fucere.
1790 2788 1941 2852 Late
1976 2799 2181 2873 putere

271 2894 559 2948 terrerum
601 2887 846 2949 orbem:
906 2906 1098 2966 neque
1141 2886 1257 2947 sibi
1300 2886 1608 2947 molestam
1650 2888 2179 2969 peregrinationem

271 3001 422 3054 esse,
446 2984 654 3062 vagari
680 3003 719 3042 ιι
743 2982 996 3064 pueritia
1019 2982 1297 3051 assuetis:
1336 2990 1400 3042 et
1422 2982 1592 3043 sedes
1613 2982 1915 3044 confidere
1940 2992 2178 3064 peratu-

269 3099 368 3141 ros
393 3080 750 3160 ubicumque
787 3079 1076 3140 libuisset.
1160 3077 1343 3146 Quod
1367 3088 1566 3139 tamen
1594 3079 1660 3141 in
1684 3079 1993 3159 prasentia
2018 3078 2179 3141 fuce-

270 3186 422 3249 rent,
451 3177 611 3239 idem
649 3176 978 3237 institutum
1009 3184 1218 3258 postea
1243 3184 1592 3247 servaturos,
1620 3183 1688 3236 ut
1717 3184 2112 3257 temperarent
2142 3198 2181 3239 ιι

270 3274 508 3356 populis
531 3276 634 3355 qui
659 3276 722 3335 in
747 3272 868 3335 fide
898 3282 1004 3335 unt
1033 3272 1296 3338 amicitie
1319 3272 1731 3333 Romanorum
1755 3281 1967 3336 essent.
2049 3274 2180 3337 Pro

270 3390 348 3433 es.
397 3390 506 3433 sun
549 3366 856 3432 ¹voluntate
901 3390 1136 3452 sperare
1188 3369 1350 3431 bonu
1398 3368 1590 3448 gretia
1652 3368 1857 3451 populi
1910 3370 2178 3433 Romani

268 3466 554 3539 facturos,
583 3476 651 3528 ut
681 3460 820 3528 cum
843 3468 1060 3547 quibus
1083 3466 1218 3526 aliis
1241 3464 1474 3548 populis
1503 3463 1751 3537 vellent,
1776 3486 1913 3527 cum
1950 3467 2023 3527 iis
2044 3468 2177 3529 bel-

271 3564 398 3627 lum
413 3583 694 3645 pncemve
709 3584 816 3625 suo
828 3564 1112 3625 arbitratu
1127 3562 1409 3623 habeant.
1454 3560 1532 3622 In
1547 3544 1865 3643 praesentis
1888 3562 2181 3627 redituros

269 3661 352 3723 nd
401 3662 816 3723 Tauriscorum
867 3660 1038 3733 fines,
1096 3659 1255 3722 unde
1302 3678 1489 3741 nuper
1537 3661 1817 3721 exissent.
1904 3658 2181 3722 Ulterius

269 3758 493 3819 multus
517 3758 714 3821 colere
754 3758 1044 3830 nationes,
1070 3776 1206 3837 quae
1247 3776 1438 3837 neque
1471 3757 1755 3817 societate
1784 3758 2016 3836 junctoe
2043 3756 2177 3819 Ro-

269 3854 484 3929 manis,
525 3864 588 3916 et
626 3854 784 3915 ultro
810 3854 892 3915 ob
939 3852 1220 3914 ferocium
1267 3851 1471 3913 invisae
1511 3859 1723 3911 essent.
1796 3850 1932 3911 -His
1970 3870 2033 3913 se
2059 3872 2177 3914 non

269 3950 452 4013 modo
487 3952 616 4013 sine
649 3950 866 4030 injuris,
899 3950 1106 4041 populi
1140 3948 1429 4020 Romani,
1464 3946 1571 4008 sed
1605 3946 1785 4008 etium
1822 3948 1883 4009 in
1924 3949 2177 4028 gratiam

269 4048 432 4111 illius
453 4068 622 4110 arms
649 4047 960 4109 illaturos?

351 4152 454 4209 26.
497 4143 724 4205 Consul
765 4152 959 4205 astuto
995 4140 1261 4213 consilio,
1297 4138 1460 4222 quod
1491 4139 1604 4221 ipsi
1628 4147 1837 4221 postea
1867 4139 1927 4201 in
1954 4140 2177 4203 malum

268 4245 470 4316 vertit,
497 4242 744 4303 laudata
767 4239 1173 4301 Teutonorum
1205 4238 1538 4309 voluntate,
1562 4237 1815 4316 benigne
1840 4238 2172 4319 respondet.

272 4342 556 4405 Ceterum
587 4338 838 4401 ducibus
876 4338 1124 4411 itineris,
1161 4357 1311 4418 quos
1353 4332 1691 4409 eddiderat,
1724 4332 1883 4396 clam
1924 4336 2175 4420 imperat
