3225 5242
733 631 940 681 mnan
999 629 1275 679 nxvm.
1319 627 1970 680 survnnnswrun.
1998 612 2017 637 ³
2295 607 2475 677 4345

235 774 401 846 cibo,
429 794 704 855 meroque
731 775 962 837 accensi
999 782 1191 845 erant,
1227 793 1346 833 non
1373 782 1572 833 tamen
1599 770 1987 853 incomposito
2010 788 2145 849 gra-

239 872 346 943 du,
379 892 576 953 ‚neque
615 872 920 934 incondito
953 870 1211 941 ululatu,
1245 860 1352 930 sed
1391 868 1724 929 militariter
1764 867 2145 937 incedebant,

238 989 380 1030 cum
407 970 578 1050 pulsu
607 988 901 1030 armorum
927 978 992 1030 et
1011 967 1284 1049 tripudiis
1309 986 1522 1027 nomen
1557 966 1925 1025 Ambronum
1952 966 2143 1024 inere·
2196 964 2393 1045 Fufi-t
2404 966 2475 1018 ibi

237 1074 486 1146 pantes,
507 1066 670 1147 quod
713 1066 828 1127 sibi
862 1073 1313 1145 cognomentum
1355 1082 1431 1123 ex
1473 1062 1863 1123 latrocinandi
1902 1061 2143 1121 licentia
2164 1030 2343 1097 ωε·

235 1172 599 1223 sumserant:
641 1183 754 1224 nec
797 1162 956 1223 enim
997 1162 1190 1241 gentis
1231 1161 1350 1221 hoe
1386 1160 1745 1223 vocabulum
1794 1168 1907 1229 est,
1952 1178 2143 1237 eoque

242 1255 507 1319 Galfridi
537 1268 802 1341 tempore
836 1257 1218 1319 Britannicus
1253 1276 1445 1319 sermo
1479 1256 1801 1319 nebulones
1840 1253 2143 1335 significa-
2200 1263 2404 1317 Galffid.

237 1353 368 1413 bat.
452 1354 548 1415 At
595 1357 752 1417 hanc
790 1354 1116 1434 antiquitus
1159 1352 1625 1434 appellationem
1667 1353 1855 1413 etiam
1901 1352 2146 1431 Ligures
2166 1328 2303 1445 {³¹³ss
2322 1330 2451 1381 Brit.

237 1450 586 1512 habuerant.
673 1452 834 1531 Ergo
877 1470 1014 1511 cum
1051 1451 1112 1509 in
1151 1450 1342 1531 prima
1371 1450 1499 1509 acie
1525 1448 1807 1511 collocati
1832 1450 1991 1510 hunc
2014 1448 2143 1509 cla-

237 1566 464 1607 morem
503 1547 822 1619 audioeent,
862 1565 1031 1607 suum
1077 1566 1204 1606 esse
1239 1566 1450 1605 nomen
1493 1545 1939 1624 ingeminantes,
1982 1544 2143 1605 haud

237 1646 528 1705 minorem
565 1644 966 1705 reddiderunt.
1051 1642 1496 1722 Ceterisetiam
1522 1643 1815 1723 utrimque
1840 1642 2048 1723 copiis,
2078 1652 2163 1702 ut-

235 1741 364 1800 suis
394 1741 680 1802 adderent
711 1742 997 1812 animum,
1023 1729 1552 1810 conclamantibus,
1591 1738 1864 1799 ferociter
1898 1758 2143 1801 concur-

237 1858 368 1899 sum
397 1846 506 1899 est.

323 1944 426 1999 18.
469 1934 590 1996 Sed
618 1934 955 1997 Ambrones
979 1936 1038 1996 in
1055 1944 1396 1997 transcensu
1415 1932 1675 1995 fluminis
1698 1942 2019 2015 occupatos
2043 1932 2145 1993 Li·-

233 2052 410 2113 gures
453 2033 854 2093 turbaverunt.
939 2033 1095 2093 Mox
1136 2031 1430 2093 Romanae
1471 2032 1757 2111 legiones,
1795 2051 1836 2091 a
1878 2030 2025 2093 locis
2046 2052 2145 2091 su-

239 2130 566 2211 perioribus
604 2150 820 2208 magna
844 2125 906 2189 &i
932 2131 1357 2203 incumbentes,
1383 2137 1739 2190 retruserunt
1763 2127 1844 2189 ad
1868 2150 2101 2191 amnem
2127 2152 2143 2191 ε

235 2225 554 2307 multisque
581 2227 730 2289 inter
767 2230 1298 2289 consternationem
1325 2236 1532 2287 mutuo
1551 2225 1999 2306 impedientium
2024 2236 2147 2287 tru-

233 2324 477 2395 cidatis,
523 2325 636 2405 ipsi
677 2344 911 2405 quoque
955 2344 1128 2386 amne
1171 2332 1468 2406 superate,
1487 2317 1769 2403 'reliquos
1806 2332 2147 2383 convertere

236 2421 432 2480 aciem
456 2440 573 2481 non
610 2440 802 2493 ausos,
836 2420 915 2481 ad
948 2423 1310 2483 munimenta
1340 2422 1752 2504 plaustrorum,
1790 2420 2007 2503 quibus
2040 2440 2149 2501 pro

236 2516 406 2577 vallo
431 2518 768 2589 utebantur,
793 2520 1086 2599 prosecuti
1111 2528 1269 2579 sunt.

327 2620 424 2675 19.
469 2612 572 2675 Ibi
599 2634 738 2675 vero
771 2614 1048 2675 terribilis
1073 2625 1136 2675 et
1158 2614 1319 2675 foeda
1341 2614 1470 2676 visu
1493 2612 1679 2691 facies
1702 2614 1839 2675 fuit.
1925 2612 2148 2677 Mulie-

235 2730 334 2771 res
367 2730 502 2771 cum
533 2710 824 2771 horrendo
859 2709 1118 2772 clamore
1149 2719 1212 2772 et
1247 2710 1498 2780 ululatu,
1537 2709 1757 2789 gladiis
1780 2730 1853 2771 ac
1878 2710 2149 2791 bipenni-

236 2808 354 2867 bus
393 2808 596 2887 raptis‚
641 2807 790 2867 inter
829 2816 1084 2867 armatos
1121 2806 1454 2887 Erinnyum
1485 2808 1684 2887 specie
1720 2806 2149 2879 discurrebant,

235 2923 360 2964 non
393 2922 530 2963 suos
563 2904 753 2963 minus
786 2923 966 2985 quam
1005 2903 1234 2963 bostem
1275 2902 1635 2983 impetendo.
1718 2912 1737 2939 ‘
1759 2902 2110 2965 Proditores
2128 2905 2147 2932 ’

235 3000 400 3059 enim
443 2998 849 3081 appellabant,
893 3009 910 3035 ‘
935 3000 1038 3079 qui
1082 3000 1253 3060 toties
1291 3008 1493 3081 partas
1527 3000 1839 3081 splendide
1872 3002 2150 3062 victorias

233 3094 446 3156 infami
479 3096 624 3175 fuga
667 3096 1148 3177 corrumperent?
1231 3094 1454 3175 Neque
1495 3096 1712 3156 ferrum
1758 3106 1863 3157 aut
1904 3096 2149 3157 vulnera

233 3192 564 3273 pavebant,
605 3194 750 3272 quin
787 3193 982 3253 ubivis
1017 3201 1390 3253 occursantes
1427 3202 1596 3253 scuta
1632 3191 2041 3255 Romanorum
2086 3202 2149 3253 et

229 3289 399 3370 ipsos
415 3308 572 3370 saepe
599 3287 829 3367 gladios
849 3288 1020 3349 nudis
1036 3289 1310 3349 manibus
1331 3288 1910 3369 comprehenderent.
1956 3289 2147 3351 Hunc

229 3406 312 3445 eo
339 3384 438 3445 die
476 3386 702 3445 exitum
741 3384 890 3445 forte
922 3386 1134 3465 magis,
1162 3404 1342 3466 quam
1366 3384 1675 3447 voluntate
1702 3385 1963 3447 consulis
1984 3406 2147 3449 com-

235 3482 424 3543 missa
449 3501 648 3562 pugna
671 3482 902 3544 habuit.

227 3588 238 3605 ’·
319 3584 422 3639 20.
467 3576 616 3638 Nox
645 3578 866 3639 neutris
893 3580 1039 3639 satis
1073 3578 1216 3641 laeta
1245 3586 1452 3640 secuta
1483 3588 1607 3640 est:
1646 3599 1787 3640 cum
1812 3578 1987 3641 clade
2011 3598 2147 3641 suo-

229 3694 367 3735 rum
391 3672 650 3735 Teutoni
672 3675 966 3747 dolerent,
992 3674 1302 3737 Romanos
1325 3684 1520 3736 castra
1545 3674 1803 3737 nondum
1851 3677 2144 3756 permuni-

229 3780 326 3841 ta,
371 3770 626 3832 bostium
661 3770 883 3832 dissoni
919 3773 1219 3853 strepitus,
1255 3770 1703 3852 belluarumque
1742 3791 1921 3851 quam
1956 3772 2145 3833 homi·

229 3884 381 3927 num
404 3866 652 3927 vocibus
672 3868 918 3927 similior
941 3868 1174 3940 stridor,
1201 3868 1462 3929 solicitos
1484 3868 1775 3931 haberent
1788 3887 1807 3937 ς
1852 3869 1981 3949 ipso
1996 3888 2141 3949 quo-

230 3982 356 4042 que
389 3961 590 4023 Mario
623 3982 896 4025 curarum
935 3984 1052 4025 non
1081 3974 1350 4046 experte,
1387 3964 1627 4024 memori
1653 3972 1851 4025 tamen
1892 3966 2143 4045 impera-

127 4073 136 4081 ·
227 4058 518 4119 toriarum
543 4060 782 4133 artium,
809 4079 960 4141 quas
990 4060 1096 4123 vix
1127 4060 1249 4121 alio
1279 4070 1544 4141 tempore
1567 4060 1861 4141 copiosius
1886 4060 2141 4142 pruden-

228 4154 472 4235 tiusque
495 4155 804 4237 explicuit.
888 4155 1056 4217 Nam
1083 4166 1148 4219 et
1163 4160 1446 4238 majorem
1472 4176 1549 4216 ex
1573 4176 1638 4217 re
1664 4155 1821 4217 male
1840 4166 2005 4236 gesta
2022 4165 2141 4217 tre·

229 4250 602 4334 pidationem
628 4253 786 4335 apud
811 4254 1008 4315 hostes
1031 4254 1191 4316 haud
1219 4254 1504 4315 immerito
1521 4255 1887 4334 conjectans,
1907 4274 2027 4335 quo
2050 4256 2141 4315 in-

229 4355 430 4409 certos
461 4347 692 4409 consilii
727 4350 1136 4431 insomnesque
1167 4360 1416 4423 teneret,
1441 4357 1570 4411 tota
1593 4359 1766 4413 nocte
1786 4371 1899 4432 per
1920 4372 2143 4433 paucos
2192 4406 2339 4457 rmnt

229 4463 476 4507 suorum
509 4444 770 4508 clamore
801 4468 908 4529 per
939 4448 1254 4511 intervalla
1285 4449 1488 4510 brevia
1523 4448 1785 4525 sublato,
1810 4470 2139 4533 suspensos,
2158 4472 2305 4526 scm,
2328 4438 2391 4522 [ς.
2408 4476 2461 4527 ο,

372 4560 545 4624 οιιριι.
561 4564 608 4609 ee
633 4560 749 4611 var.
765 4562 896 4613 cta..
1249 4562 1438 4613 uvius.
1635 4592 1759 4653 ἡ,
2186 4573 2247 4621 is
2284 4568 2329 4620 Α
