3225 5242
733 493 914 566 8978

730 1921 948 1990 Appiam.

1718 515 1792 564 '1'-
1838 515 2033 564 mvn
2106 529 2117 536 ·

1061 663 1356 738 occupata
1377 651 1590 718 domus
1613 665 1769 730 erat,
1796 658 1857 718 in
1881 659 2143 720 vicinam
2162 659 2401 737 aggeris
2424 657 2731 740 prebebat
2754 657 2984 722 vicem:

1061 753 1418 834 semotisque
1444 755 1974 834 propugnatoribus
1998 755 2408 835 jungebantur
2434 754 2773 816 tabularum
2798 757 2987 834 injec-

1061 849 1247 922 tione,
1287 850 1455 910 velut
1479 849 1818 931 ponticulis,
1849 851 2215 931 angiportus,
2258 860 2323 912 et
2344 871 2425 911 ex
2450 851 2629 912 domo
2654 853 2714 911 in
2738 850 2987 912 domum

1063 946 1257 1007 victor
1279 945 1450 1007 miles
1471 945 1959 1008 transcendebat:
1986 956 2051 1008 et
2076 947 2173 1008 bic
2197 947 2441 1028 quidem
2462 947 2522 1007 in
2546 948 2721 1008 tectis
2740 945 2982 1019 adium,

1067 1061 1258 1123 neque
1283 1043 1474 1103 secius
1498 1042 1674 1116 infra,
1702 1052 1772 1104 ut
1797 1042 1949 1104 forte
1975 1042 2231 1104 invicem
2254 1052 2651 1114 occurrerant,
2694 1043 2775 1107 ad
2816 1045 2985 1123 angi·

1064 1148 1270 1220 portus
1307 1140 1687 1200 certabatur:
1730 1139 2027 1221 plenaque
2070 1147 2242 1201 erant
2274 1141 2477 1201 omnia
2502 1141 2749 1219 gemitu,
2774 1149 2839 1201 et
2859 1139 2987 1202 dis-

1059 1237 1219 1296 sonis
1255 1236 1637 1306 clamoribus,
1680 1234 2109 1316 vulnerumque
2146 1256 2221 1297 ac
2260 1238 2466 1297 mortis
2488 1235 2663 1297 varia
2686 1235 2983 1315 imagine:

1059 1331 1204 1394 dum
1229 1332 1340 1394 alii
1363 1333 1542 1405 ferro,
1569 1332 1677 1394 alii
1704 1333 1875 1393 ruina
1900 1334 2194 1394 intereunt
2217 1333 2569 1416 praecipitati
2608 1353 2686 1394 ex
2726 1331 2983 1406 solariis,

1061 1429 1265 1490 afflicti
1289 1429 1475 1500 humi,
1501 1428 1749 1510 quidam
1774 1428 1957 1490 etiam
1984 1429 2045 1488 in
2086 1438 2281 1491 rectas
2318 1428 2573 1490 aliorum
2611 1429 2814 1490 hastas
2851 1429 2983 1509 gla-

1060 1525 1310 1610 diosque
1333 1544 1474 1586 casu
1498 1524 1709 1586 delati.
1736 1567 1759 1585 ,.

1139 1629 1242 1683 43.
1287 1621 1498 1684 Solum
1533 1621 1733 1683 adhuc
1772 1621 2112 1684 incendium
2142 1621 2374 1694 aberat,
2402 1641 2519 1682 non
2560 1621 2987 1695 misericordia,-

1059 1717 1162 1778 sed
1200 1719 1344 1799 quia
1385 1719 1567 1800 partis
1603 1719 1909 1800 utriusque
1948 1737 2163 1797 magno
2202 1737 2446 1778 numero
2486 1718 2727 1800 repletae
2770 1717 2985 1780 domus

1057 1824 1266 1876 erant:
1321 1815 1514 1875 donec
1555 1813 1635 1876 ad
1682 1827 1879 1876 muros
1922 1813 2133 1896 Byrsae
2174 1834 2215 1874 a
2260 1813 2541 1896 Scipione
2588 1824 2981 1896 penetratum.

1059 1911 1168 1972 Ad
1209 1931 1360 1992 quos
1401 1911 1809 1973 suffodiendos
1843 1912 1988 1993 quia
2030 1917 2268 1992 propter
2306 1911 2430 1971 vim
2474 1921 2979 1992 propugnatoru-

1058 2007 1260 2069 valido
1299 2009 1506 2069 robore
1551 2017 1684 2068 erat
1720 2027 1891 2089 opus,
1934 2005 2169 2068 incendi
2212 2015 2333 2068 tres
2358 2007 2511 2068 inter
2532 2006 2727 2068 forum
2752 2025 2979 2070 arcem-

1059 2123 1178 2186 que
1211 2105 1340 2166 vias
1369 2105 1575 2186 jussit,
1618 2105 1937 2185 statimque
1974 2103 2197 2175 ruinas,
2241 2111 2311 2164 ut
2350 2123 2487 2183 quae
2524 2104 2607 2165 ab
2638 2105 2775 2183 igne
2800 2103 2979 2166 factm

1059 2210 1277 2274 essent,
1313 2201 1637 2282 repurgari,
1674 2221 1797 2281 quo
1818 2209 2017 2282 posset
2042 2199 2121 2260 ad
2148 2219 2343 2261 arcem
2368 2200 2665 2262 exercitus
2686 2201 2841 2262 citra
2864 2201 2977 2262 im·-

1061 2296 1462 2378 pedimentum
1506 2296 1809 2358 accedere.
1894 2295 2065 2359 Hinc
2096 2316 2237 2358 vero
2262 2295 2662 2378 multiplicata
2688 2296 2977 2360 maloru-

1058 2391 1234 2466 facie,
1255 2393 1625 2454 flammarum
1639 2395 1919 2475 crepitus,
1932 2393 2557 2474 procumbentiumque
2580 2393 2806 2454 sonitus
2828 2394 2977 2454 oedi-

1058 2487 1326 2551 ficiorum
1351 2489 1525 2570 longe
1551 2489 1792 2572 lateque
1820 2488 2175 2550 horrendum
2192 2487 2485 2568 fragorem
2504 2487 2783 2551 edebant.
2850 2489 2977 2552 Sed

1055 2595 1121 2648 et
1141 2587 1294 2648 inter
1317 2595 1606 2648 caementa
1648 2587 2073 2667 materiamque
2113 2585 2443 2659 domorum,
2488 2605 2639 2667 quas
2676 2586 2827 2666 ignis
2870 2595 2980 2648 aut

1055 2684 1216 2744 nisus
1235 2683 1596 2743 diruentium
1623 2682 1963 2763 disjecerat,
2006 2682 2193 2742 multa
2216 2681 2515 2744 cadavera
2538 2681 2977 2765 provolveban-

1053 2788 1192 2840 tur:
1249 2778 1423 2840 multi
1467 2780 1651 2840 etiam
1694 2779 1985 2852 vivorum,
2024 2780 2253 2859 quibus
2300 2779 2597 2860 praecipue
2642 2799 2823 2840 sexus
2868 2789 2978 2842 aut

1054 2884 1200 2936 oetas
1225 2875 1510 2936 infirmior
1537 2874 1799 2936 latebras
1822 2884 2107 2948 suaserat,
2148 2874 2251 2936 alii
2284 2874 2699 2948 semiustulati,
2725 2875 2975 2956 quidam

1051 2971 1328 3034 laceratis
1353 2973 1508 3034 ferro
1533 2973 1901 3054 corporibus,
1941 2972 2263 3032 miserabili
2305 2991 2445 3034 cum
2484 2971 2717 3052 ejulatu
2758 2975 2971 3054 praci-

1053 3069 1207 3150 pites
1243 3069 1562 3131 cadebant.
1649 3068 1717 3130 N
1720 3091 1755 3130 e
1780 3071 1866 3130 sic
1892 3067 2135 3149 quidem
2164 3066 2301 3130 finis
2326 3067 2616 3130 malorum
2654 3079 2823 3131 erat:
2864 3069 2975 3130 sed

1051 3166 1269 3246 quibus
1309 3165 1643 3227 muniendae
1680 3165 1797 3226 vioe
1834 3165 2040 3226 datum
2082 3166 2380 3244 negotium
2427 3163 2643 3238 fuerat,
2685 3165 2975 3246 quicquid

1051 3271 1189 3322 ante
1231 3261 1413 3343 pedes
1457 3272 1608 3334 erat,
1662 3261 1915 3343 lapides,
1970 3261 2154 3341 ligna,
2202 3261 2523 3335 cadavera,
2570 3263 2740 3324 vivos
2788 3271 2975 3343 aque

1050 3357 1371 3418 semineces
1407 3357 1590 3419 furcis
1613 3357 2054 3419 ferramentisve
2080 3367 2400 3439 correptos,
2428 3360 2489 3418 in
2516 3357 2723 3420 foveas
2747 3367 2811 3420 et
2838 3358 2977 3422 loca

1049 3472 1205 3513 cava
1228 3454 1669 3535 protrahebant.
1751 3451 1853 3514 Ibi
1874 3453 2117 3534 quidam
2140 3455 2457 3536 capitibus,
2497 3454 2601 3516 alii
2642 3453 2767 3516 alia
2802 3465 2975 3536 parte

1050 3551 1314 3630 corporis
1361 3559 1661 3622 extantes,
1708 3550 1811 3611 diu
1861 3570 1999 3612 cum
2050 3551 2249 3612 anima
2302 3549 2705 3622 luctabantur,
2728 3571 2735 3580 ·
2756 3551 2976 3614 amissa

1049 3647 1210 3707 omni
1251 3647 1490 3709 vivendi
1533 3667 1639 3729 spe
1676 3666 1749 3710 ac
1783 3656 1951 3719 voto,
1978 3667 2054 3708 ne
2082 3648 2285 3709 mortis
2308 3647 2551 3728 quidem
2576 3657 2847 3710 extremo
2870 3669 2971 3710 so-

1048 3741 1196 3804 latio
1235 3753 1573 3825 compotes:
1613 3741 1805 3805 donec
1845 3764 2131 3827 equorum
2170 3742 2405 3823 ungulis
2443 3744 2669 3815 obtriti,
2713 3745 2973 3806 miserri-

1047 3861 1210 3902 mum
1233 3841 1504 3922 spiritum
1529 3840 1907 3902 acerbissimo
1934 3838 2051 3900 fine
2078 3840 2469 3922 expellerent,
2496 3849 2623 3902 tam
2640 3841 2767 3902 sine
2784 3840 2973 3924 culpa

1045 3935 1414 4008 facientium,
1440 3957 1622 4018 quam
1646 3936 1773 3996 sine
1795 3935 2217 3998 misericordia.

1127 4041 1228 4094 44.
1272 4032 1340 4094 N
1341 4054 1413 4094 ec
1438 4034 1596 4094 enim
1620 4030 1770 4094 data
1793 4053 1976 4114 opera
1999 4034 2131 4094 haec
2151 4042 2273 4093 tam
2297 4032 2567 4094 crudelia
2590 4031 2967 4113 gerebantur,

1048 4129 1156 4188 sed
1200 4130 1614 4190 festinatione:
1659 4127 2157 4209 quemadmodum
2200 4137 2266 4188 et
2304 4150 2345 4188 a
2388 4130 2775 4190 munitoribus
2816 4128 2967 4190 nibil

1050 4225 1373 4305 proposito,
1399 4225 1502 4285 sed
1529 4245 1633 4305 per
1666 4225 2105 4285 festinationem
2144 4225 2344 4284 omnia
2388 4224 2633 4286 fiebant.
2716 4224 2967 4305 Quippe

1047 4323 1352 4388 contentio
1384 4322 1747 4392 certaminis,
1790 4330 1855 4382 et
1894 4323 2225 4404 propinqua
2264 4339 2399 4401 spes
2442 4322 2729 4392 victorin,
2770 4329 2837 4382 et
2874 4322 2969 4381 his
