3225 5242
734 538 945 589 unm
996 538 1160 588 ux.
1202 537 1553 621 surenam
1568 534 1854 587 aarum.
2229 513 2407 584 4135

169 685 305 739 erat
331 677 633 742 effectum.
718 679 889 743 Nam
916 681 1019 743 ille
1040 687 1257 763 magna
1278 701 1425 743 cura
1450 680 1800 762 complexus
1831 674 2080 748 bellum,

168 774 351 837 facile
390 775 732 857 praeclaram
766 798 931 860 spem
966 779 1164 849 sociis,
1190 786 1585 857 terroremque
1625 776 1890 855 fugitivis
1929 776 2078 854 inje-

167 874 292 932 cit:
334 894 475 933 cum
502 884 567 934 et
597 874 655 934 in
692 874 921 956 reliqua
954 875 1117 935 omni
1142 875 1645 935 administratione
1681 893 1948 933 severum
1990 872 2079 931 in·
2137 874 2412 926 Vahmax:

169 978 521 1053 tentumque
560 970 773 1032 ducem
808 980 1041 1051 ageret3
1086 992 1361 1050 generum
1386 992 1622 1052 quoque
1647 991 1816 1030 suum
1844 970 1929 1037 Q.
1961 968 2080 1029 Fa·
2104 958 2166 991 ¹¹·
2187 944 2238 989 ⁷⁶

168 1066 359 1138 bium,
382 1067 547 1147 quod
568 1068 695 1146 ejus
720 1067 1075 1149 negligentia
1097 1068 1656 1129 Tauromenitanam
1683 1086 1880 1127 arcem
1903 1066 2080 1125 amis-

170 1182 297 1223 sam
320 1174 707 1243 cognoverat,
735 1165 1043 1246 provincia
1066 1164 1353 1225 decedere
1378 1164 1687 1244 coegisset.

250 1266 355 1321 24.
402 1261 599 1321 Erant
620 1262 811 1322 multa
828 1261 1521 1343 fugitivorum'praesidia,
1538 1261 1646 1321 sed
1671 1260 1862 1321 omnis
1879 1278 2078 1319 eorum
2134 1266 2288 1319 Diod.

170 1358 443 1437 potentia
468 1360 729 1420 maxime
752 1361 1068 1421 constabat
1085 1358 1331 1419 duarum
1356 1360 1589 1419 urbium
1612 1357 1856 1427 viribus,
1886 1354 2076 1415 Eunae
2102 1348 2387 1448 3329.

170 1466 231 1515 et
252 1455 677 1518 Tauromenii:
736 1478 886 1537 quas
930 1457 979 1516 si
1018 1457 1279 1538 recipere
1322 1456 1632 1537 potuisset,
1669 1476 1778 1538 pro
1807 1453 2078 1514 confecto

168 1554 277 1613 sibi
316 1552 547 1614 bellum
573 1554 833 1613 futurum
872 1554 1191 1633 imperator
1223 1552 1383 1613 haud
1423 1553 1640 1632 injuria
1679 1550 2076 1612 existimabat.
2100 1560 2252 1612 Diod.

171 1650 356 1710 Prior
380 1650 617 1711 obsidio
641 1650 1135 1710 Tauromenitana
1157 1648 1307 1709 fuit:
1351 1669 1531 1729 quam
1563 1649 1770 1709 urbem
1795 1647 2078 1707 acerrime

169 1756 583 1829 oppugnatam
616 1756 756 1807 ante
792 1756 993 1808 tamen
1030 1766 1241 1827 capere
1282 1766 1397 1807 nou
1427 1746 1641 1827 potuit,
1681 1765 1863 1824 quam
1887 1743 2081 1804 diram

168 1844 247 1903 ad
289 1844 519 1905 famem
556 1846 822 1905 obsessos
862 1843 1171 1923 adegisset.
1255 1842 1478 1924 Neque
1520 1850 1649 1902 erat
1688 1842 1802 1903 hoc
1838 1839 2078 1901 difficile

166 1940 423 2003 classem
466 1942 753 2002 habenti:
813 1961 936 2022 qua
980 1947 1353 2012 mercatores,
1395 1948 1500 2000 aut
1544 1939 1726 2000 etiam
1777 1939 2082 2019 praedones

168 2037 321 2098 lucri
356 2058 543 2099 causa
582 2038 931 2098 frumentum
962 2028 1374 2118 importaturos
1396 2045 1802 2097 summoveret.
1885 2035 2082 2115 Igitur

166 2134 393 2195 obsessi
424 2135 653 2196 nullam
686 2136 747 2194 in
782 2134 1017 2194 victoris
1050 2133 1368 2195 clementia
1406 2134 1519 2193 sibi
1558 2154 1722 2216 spem
1758 2154 1883 2195 esse
1909 2156 2080 2217 repo-

166 2232 431 2293 nendam
449 2233 619 2304 certi,
640 2231 1043 2293 necessitatem
1063 2239 1407 2311 praesentem
1426 2231 1510 2291 uti
1536 2241 1809 2312 poterant
1831 2234 2080 2295 sustine-

166 2332 341 2399 bant,
387 2348 507 2389 non
555 2328 871 2389 liberorum
913 2328 1273 2409 corporibus,
1309 2347 1426 2387 non
1460 2348 1710 2389 uxorum
1749 2330 2078 2393 abstinente

168 2426 347 2487 famis
372 2426 574 2513 rabie;
618 2436 913 2506 postremo
935 2444 997 2485 se
1022 2445 1259 2506 quoque
1286 2424 1539 2486 invicem
1567 2424 1916 2489 lacerantes.

170 2516 193 2534 ’
251 2531 359 2585 25.
405 2523 655 2584 Cleonis
689 2521 773 2582 ibi
798 2521 981 2581 frater
1013 2522 1247 2582 nomine
1276 2521 1575 2582 Comanus
1600 2532 1868 2601 praeerat.
1952 2525 2082 2592 Qui

166 2620 381 2701 fugam
404 2640 485 2680 ex
510 2620 653 2679 urbe
672 2619 1052 2680 circumsessa
1076 2618 1335 2690 molituS,
1362 2619 1572 2681 incidit
1593 2620 1656 2680 in
1680 2620 1926 2701 vigilum
1953 2642 2080 2684 ma-

166 2738 307 2791 nus,
346 2726 412 2777 et
434 2719 495 2777 in
520 2716 851 2778 custodiam
882 2716 1133 2777 traditus
1156 2726 1281 2777 est:
1322 2716 1515 2779 donec
1538 2717 1870 2799 proditione
1897 2719 2080 2780 Sara-

168 2816 371 2896 pionis
378 2817 477 2894 cuj
484 2814 687 2876 usdam
699 2822 1046 2895 arcecapta,
1064 2813 1363 2894 fugitivos,
1380 2823 1674 2895 quotquot
1691 2816 1906 2898 reperti
1921 2824 2078 2889 sunt,

167 2914 547 2973 excruciatos
586 2911 795 2972 consul
840 2911 901 2971 in
953 2931 1215 2992 praeceps
1243 2912 1371 2991 jaci
1405 2913 1604 2999 jussit.
1685 2911 2082 2974 Tauromenio
2103 2928 2408 2980 morando.

166 3020 437 3093 recepto,
484 3008 721 3075 Ennam
774 3009 1093 3089 processit:
1165 3010 1413 3089 parique
1456 3018 1672 3069 conatu
1713 3009 2080 3069 obsidionem

168 3128 407 3189 urgens,
436 3107 523 3166 ibi
552 3125 787 3187 quoque
824 3126 1018 3165 rerum
1059 3104 1136 3164 ad
1167 3106 1354 3166 vitam
1393 3108 1848 3167 necessariarum
1877 3106 2078 3185 ingen-

170 3218 293 3267 tem
335 3204 645 3285 penuriam
688 3204 852 3262 brevi
904 3202 1123 3263 effecit.
1210 3202 1453 3283 Magnae
1498 3204 1654 3262 enim
1698 3203 2080 3282 fugitivorum

168 3302 365 3385 copiae
404 3302 669 3360 inerant:
712 3299 981 3378 adeoque
1016 3298 1112 3359 hic
1144 3308 1207 3359 et
1230 3298 1610 3361 Tauromenii
1638 3298 1716 3360 ad
1741 3300 1951 3379 viginti
1975 3320 2077 3361 eo-
2103 3318 2246 3369 0102.

170 3420 303 3459 rum
328 3396 523 3459 millia
545 3416 671 3459 esse
696 3395 1006 3457 interfecta
1029 3396 1372 3477 produntur.

253 3502 362 3557 26.
403 3492 515 3553 Ad
544 3492 779 3553 Ennam
818 3491 998 3552 semel
1032 3494 1337 3574 eruptione
1364 3492 1593 3573 magnis
1627 3494 1850 3555 viribus
1886 3502 2075 3554 certa-
2100 3506 2250 3558 Diod.

168 3602 301 3654 tum
335 3599 450 3662 est,
481 3589 709 3651 Cleone
741 3610 879 3650 cum
913 3589 1161 3650 delectis
1201 3610 1439 3651 suorum
1480 3590 1622 3651 urbe
1663 3610 1930 3669 egresso:
1976 3592 2080 3673 qui

166 3690 356 3750 etiam
390 3688 705 3748 fortissime
741 3686 1062 3768 praeliatus,
1086 3695 1285 3747 tamen
1328 3687 1387 3747 in
1430 3696 1781 3768 potestatem
1824 3688 2080 3749 hostium

168 3788 359 3858 venit,
386 3804 587 3865 neque
612 3783 797 3845 multo
822 3793 957 3865 post
978 3802 1058 3843 ex
1082 3782 1423 3845 vulneribus
1446 3785 1618 3844 obiit.
1667 3782 1814 3845 Hoc
1841 3804 2080 3865 quoque

166 3882 608 3964 spectaculum,
652 3901 791 3941 nam
828 3880 1300 3960 cognoscendum
1344 3880 1593 3941 obsessis
1623 3902 1834 3961 corpus
1871 3880 2080 3941 consul

168 3981 503 4060 objecerat,
531 3980 756 4040 animos
786 3998 987 4039 eorum
1027 3977 1241 4057 fregit:
1299 3988 1362 4039 et
1398 3980 1613 4061 reperti
1643 3988 1803 4051 sunt,
1831 3980 1934 4061 qui
1961 3982 2078 4061 pri-

166 4088 329 4141 vatae
353 4076 565 4139 salutis
588 4078 861 4159 pactione
886 4076 1187 4138 traderent
1212 4078 1438 4149 urbem,
1464 4086 1678 4138 natura
1695 4085 1876 4159 atque
1903 4098 2078 4159 opere

170 4181 255 4240 ita
278 4178 704 4260 pei-munitam,
724 4185 793 4237 ut
812 4176 989 4236 armis
1004 4175 1483 4257 inexpugnabilis
1494 4175 1827 4237 haberetur.
1872 4176 2081 4237 Eunus

167 4275 588 4358 praestigiator,
626 4258 900 4355 idem'que
934 4294 1039 4334 rex
1072 4274 1467 4354 imaginarius,
1495 4274 1637 4335 dum
1663 4275 1801 4334 urbs
1823 4275 2077 4355 capitur,

166 4395 305 4435 cum
330 4374 637 4435 sexcentis
656 4372 841 4433 ferme
866 4372 1245 4453 stipatoribus
1278 4372 1339 4431 in
1369 4372 1505 4433 loca
1528 4383 1828 4454 praerupta
1848 4372 2076 4451 effugit.

168 4471 379 4533 Ceteri
404 4471 809 4552 comprehensi
836 4472 1174 4552 catenisque
1200 4470 1434 4551 religati
1456 4480 1612 4544 sunt,
1643 4479 1709 4531 ut
1733 4470 1929 4533 servili
1945 4490 2082 4552 sup-
2106 4488 2234 4539 nor.
