3225 5242
782 550 993 601 mam
1046 548 1230 599 nvn.
1273 546 1930 601 surenuuuuruu.
2007 518 2014 523 ’
2286 526 2463 593 4089
2545 536 2552 543 ·

222 716 353 757 rum
376 693 705 777 replicatis,
730 702 963 776 reperta
986 691 1127 755 vitoe‘
1150 691 1433 793 mollioris
1462 693 1851 754 instrumenta
1873 688 2133 751 constin-

82 884 93 897 .
224 802 389 871 geret
412 795 515 873 abj
522 794 841 873 iceretque.

306 896 368 951 8.
412 888 779 950 Stativorum
820 908 993 969 porro
1036 885 1441 969 ponendorum
1482 884 1581 944 hic
1621 892 1752 943 erat
1791 881 1958 943 ordo.
2044 881 2139 943 Ut

222 988 451 1067 quique
488 987 643 1047 inter
666 984 1153 1068 proficiscendum
1194 984 1257 1043 iu
1292 982 1479 1063 primo
1506 982 1742 1059 agmine
1768 979 2025 1050 fuerant,
2053 980 2140 1038 ita

226 1083 427 1143 locum
454 1084 561 1143 ubi
588 1091 787 1143 castra
824 1090 993 1142 erant
1016 1079 1313 1162 ponenda,
1344 1079 1553 1139 armati
1580 1077 1918 1157 cingebant.
2002 1075 2143 1137 cir-

224 1198 361 1239 cum
390 1179 503 1239 hos
527 1172 754 1239 lairiore
775 1178 1018 1261 paulum
1042 1177 1237 1258 spatio
1262 1195 1505 1257 campos
1544 1174 1896 1235 circumibat
1919 1174 2144 1235 amico·

226 1296 357 1335 rum
382 1276 653 1355 equitum
678 1275 799 1337 ala.
884 1273 1161 1344 Interius,
1186 1271 1377 1333 diviso
1402 1272 1557 1331 inter
1589 1291 1653 1332 se
1678 1291 1854 1352 opere
1879 1270 2143 1351 reliquus

228 1373 537 1432 exercitus
559 1370 820 1431 ducebat
841 1370 1049 1442 fossas,
1074 1367 1413 1429 aedificabat
1436 1388 1652 1439 muros,
1675 1368 1930 1429 tentoria
1953 1368 2143 1445 erige-

228 1468 375 1528 bat:
420 1478 667 1548 eratque
708 1466 1059 1550 praefinitum
1105 1474 1361 1546 tempus,
1405 1466 1561 1526 intra
1604 1465 1768 1545 quod
1807 1465 2144 1544 quamlibet

228 1565 427 1645 operis
449 1574 679 1646 partem
704 1560 907 1644 perfici
950 1582 1251 1623 necessum
1284 1573 1458 1622 esset.
1542 1561 1825 1623 Instabat
1845 1562 2005 1622 enim
2032 1562 2140 1622 im-

230 1670 491 1740 perator,
509 1662 883 1741 jubebatque
925 1668 945 1697 ⁸
966 1680 1173 1739 segnes
1211 1658 1289 1720 ad
1332 1658 1454 1720 alia
1476 1658 1626 1720 belli
1653 1660 1879 1732 munia,
1913 1658 2024 1721 vili
2049 1658 2139 1719 la-
2165 1657 2293 1711 mor.

226 1760 375 1821 bore
398 1756 687 1835 defungi?
2139 1786 2142 1791 ·

312 1862 377 1916 9.
424 1854 556 1915 His
578 1852 803 1915 artibus
824 1873 961 1915 cum
1002 1853 1421 1933 obsequentem
1460 1852 1575 1913 sibi
1612 1853 1886 1923 militem,
1913 1854 2142 1934 patien-
2169 1856 2388 1923 Appiae.

228 1961 477 2031 temque
504 1946 749 2020 laboris,
768 1959 831 2011 et
854 1948 933 2011 ad
952 1950 1198 2030 imperia
1212 1958 1507 2031 promtum
1526 1951 1838 2022 effecisset,
1859 1961 1986 2010 tum
2003 1971 2146 2011 vero

232 2050 483 2129 propius
508 2045 903 2109 Numantiam
939 2046 1121 2127 coepit
1143 2046 1425 2108 accedere
1451 2066 1468 2107 t
1510 2066 1767 2127 cumque
1799 2048 1858 2107 in
1887 2049 2146 2127 ipsorum

234 2165 379 2224 agro
423 2154 619 2205 castra
658 2144 967 2225 pomiflua,
1003 2130 1223 2231 munies&⁸
1243 2144 1447 2225 copias
1482 2143 1640 2203 intra
1663 2142 1890 2204 vallum
1915 2144 2145 2214 habuit,

234 2241 423 2302 nullis
466 2261 572 2323 per
610 2240 882 2312 castella,
926 2250 995 2301 ut
1038 2238 1271 2315 assolet,
1318 2240 1605 2323 praesidiis
1645 2250 1752 2302 aut
1793 2243 2148 2303 stationibus

236 2348 379 2399 ante
406 2338 632 2420 positis.
714 2337 919 2399 Valde
944 2338 1101 2399 enim
1127 2338 1433 2401 vitandum
1458 2340 1734 2421 putabat,
1761 2360 1834 2401 ne
1861 2340 2008 2399 inter
2035 2340 2146 2399 ini-

236 2438 347 2509 tia,
376 2455 718 2516 quanquam
742 2434 979 2496 modico
1022 2434 1395 2497 incommodo
1426 2446 1696 2519 accepto,
1729 2437 2150 2499 contemtibilis

238 2536 397 2595 boati
427 2532 635 2593 fieret:
677 2553 801 2613 qua
826 2533 887 2594 in
912 2554 973 2595 re
1002 2535 1327 2595 maximum
1360 2536 1626 2597 victoriae
1667 2535 2150 2618 impedimentum

236 2632 367 2693 fore
412 2630 784 2713 providebat,
822 2640 1032 2692 contra
1071 2631 1413 2693 fortissimos
1455 2633 1636 2705 viros,
1665 2641 1729 2693 et
1765 2634 2040 2696 militaris
2065 2633 2150 2694 rei

240 2729 643 2809 peritimimos.
727 2725 852 2787 Sed
878 2748 1069 2808 neque
1104 2736 1333 2791 tentare
1367 2729 1547 2791 ullius
1586 2722 1922 2791 certaminis
1965 2728 2150 2791 fortu—

240 2846 382 2887 nam
409 2824 674 2896 volebat,
698 2822 892 2886 donec
918 2825 997 2885 ab
1020 2824 1298 2887 diuturno
1324 2836 1622 2889 contemtu
1648 2827 1952 2889 vindicare
1977 2848 2152 2887 exer-

240 2922 425 2983 eitum
449 2940 621 2981 suum
644 2920 949 3002 potuisset.
1035 2920 1115 2982 Id
1140 2942 1281 2984 vero
1324 2944 1446 3005 quo
1486 2925 1776 2985 maturius
1815 2944 2152 3005 assequere-

240 3029 359 3091 tur,
388 3017 675 3077 rationem
699 3017 881 3078 totius
902 3016 1074 3091 belli,
1100 3040 1353 3101 suasque
1394 3022 1756 3093 occasiones,
1795 3029 1859 3081 et
1896 3020 2154 3081 bostium

240 3114 493 3176 consilia
516 3134 635 3195 quo
659 3124 970 3195 vergerent
992 3124 1215 3177 attente
1239 3118 1680 3200 speculabatur.

320 3220 425 3273 10.
469 3210 639 3271 Inter
663 3210 793 3273 baec
820 3232 859 3271 a
884 3221 1049 3293 tergo
1088 3222 1415 3275 castrorum
1460 3212 1813 3295 pabulatum
1854 3212 2154 3283 mittebat,

242 3308 557 3388 frugesque
602 3306 749 3368 licet
789 3307 1051 3369 nondum
1092 3311 1234 3371 satis
1269 3320 1531 3381 maturas
1578 3311 1774 3371 ubivis
1817 3309 2156 3370 desecabat.

248 3403 431 3473 Quod
458 3404 563 3465 ubi
590 3404 913 3485 perfectum
935 3416 1047 3478 est,
1074 3406 1433 3488 ulteriusque
1452 3408 1784 3488 promoveri
1809 3416 2004 3469 castra
2028 3405 2160 3487 pla-

246 3503 391 3574 cuit,
419 3509 491 3564 ut
512 3501 773 3583 reliquus
798 3504 981 3563 etiam
1013 3524 1175 3583 ager,
1218 3504 1377 3565 unde
1418 3504 1816 3567 Numantinis
1843 3506 2020 3585 copia
2060 3512 2165 3563 aut

248 3618 381 3679 spes
403 3609 773 3661 commeatus
809 3608 963 3672 erat,
998 3610 1351 3673 vastaretur,
1380 3601 1694 3663 consilium
1729 3602 1930 3662 vocari
1961 3601 2160 3681 jubet.

254 3694 353 3755 lbi
378 3716 519 3757 cum
544 3696 812 3776 plerique
836 3705 857 3732 ‘
882 3706 1094 3779 praeter
1108 3698 1313 3758 urbem
1330 3696 1399 3759 N
1403 3700 1770 3758 umantinam
1793 3696 2130 3757 ducendum
2150 3696 2166 3723 ⁹

252 3801 583 3862 censerent,
611 3801 629 3827 ‘
658 3792 823 3873 quod
846 3814 921 3853 ea
942 3776 1344 3863 brezissimum
1385 3794 1445 3855 in
1482 3813 1726 3875 campos
1751 3795 1852 3874 qui
1881 3795 2168 3874 peteban-

256 3898 347 3949 tur
382 3889 499 3949 iter
544 3882 711 3951 eratr':
756 3888 905 3951 Non
942 3892 1371 3972 repugnarem,'
1414 3892 1501 3952 ait
1540 3890 1769 3971 Scipio,
1814 3898 1833 3927 ‘
1862 3891 1976 3950 nisi
2020 3892 2164 3951 mihi

256 4004 369 4045 non
396 3985 480 4045 de
498 3984 695 4046 eundo
733 3994 987 4059 tantum,
1016 3988 1123 4047 sed
1148 3989 1331 4049 etiam
1372 3987 1449 4049 de
1488 3987 1788 4048 redeundo
1831 3986 2164 4047 deliberan-

254 4079 395 4141 dum
434 4080 754 4145 videretur.
838 4082 1013 4145 Nam
1032 4094 1189 4144 certe
1224 4086 1315 4145 uti
1352 4086 1509 4146 viam
1538 4084 1712 4145 istam
1749 4082 2164 4161 ingrediamur,

257 4177 317 4237 in
342 4187 545 4239 nostra
570 4199 749 4241 manu
775 4188 904 4240 eat:
944 4180 1049 4241 sed
1076 4181 1361 4260 ingressos
1384 4182 1495 4242 nisi
1516 4180 1754 4241 fortuna
1772 4190 1986 4255 servet,
2005 4182 2166 4262 quod
2225 4250 2234 4269 ,

260 4272 317 4333 in
342 4276 557 4335 uostris
580 4276 841 4336 consiliis
864 4285 977 4349 est,
1004 4278 1193 4358 perire
1218 4279 1555 4339 meruimus.

338 4377 439 4431 11.
484 4382 501 4407 ⁶
536 4370 831 4435 Ducimur
854 4376 1202 4457 exercitum,
1226 4377 1335 4455 qui
1359 4375 1543 4456 paulo
1578 4386 1720 4439 ante
1752 4379 1858 4439 vix
1883 4398 2162 4459 conspec-

390 4484 625 4552 Βάρκα
656 4487 773 4539 Ver.
790 4488 923 4541 ctas.
1241 4490 1427 4541 Lirim.
2215 4500 2273 4545 12
2311 4496 2362 4545 Η
