3225 5242
721 556 792 607 m
805 558 934 607 BR!
983 556 1146 607 Lxx
1161 556 1212 605 1.
1259 554 1606 606 suppum
1622 554 1909 605 BNTUM.

205 725 452 787 quoque
493 724 666 785 agere
707 702 948 767 videutz
1004 701 1292 765 validiore
1341 700 1422 762 ad
1471 699 1841 783 eripiendum
1889 698 2121 772 fraude,

205 822 392 883 quam
418 801 499 862 ad
521 800 948 863 restituendum
957 802 1062 879 jus
1085 808 1149 860 et
1171 797 1334 879 leges
1357 820 1483 859 eme
1505 806 1845 880 potuerunt.
1929 796 2123 877 Equi-

203 897 352 961 dem
371 899 530 961 viros
551 900 774 960 virtute
797 907 862 959 et
883 898 1096 979 opibus
1131 904 1478 977 praestantes
1507 896 1671 968 novi,
1696 896 1803 977 qui
1826 895 1941 954 hae
1968 894 2124 972 inju-

205 997 300 1059 ria
343 1016 670 1079 pauperum
711 996 774 1056 in
817 1003 1049 1055 tantum
1082 1001 1550 1066 commoventur,
1587 1001 1657 1052 ut
1694 990 1856 1073 quod
1892 992 2005 1073 ipsi
2048 990 2125 1051 de

205 1113 356 1173 agro
397 1092 643 1176 publico
673 1100 902 1165 tenent,
938 1091 1166 1153 lubenti
1205 1090 1406 1152 animo
1444 1091 1564 1151 sint
1601 1088 1913 1161 reddituri,
1950 1087 2128 1149 modo

203 1191 370 1252 idem
411 1210 450 1251 a
487 1189 702 1253 ceteris
743 1188 874 1261 fiat,
910 1208 1108 1269 neque
1147 1170 1328 1271 pauci
1369 1195 1434 1249 et
1464 1187 1701 1269 optimi,
1728 1186 1895 1247 nullo
1920 1183 2127 1268 populi

203 1286 630 1359 emolumento,
647 1285 1112 1367 possessionibus
1131 1284 1254 1345 auis
1277 1293 1545 1356 careant,
1561 1291 1625 1344 et
1643 1283 1802 1345 ultro
1828 1304 1867 1344 a
1888 1286 1979 1345 aui
2005 1288 2125 1349 dis—-

206 1384 510 1447 similibus
531 1383 905 1445 irrideantur.
993 1380 1092 1443 De
1125 1382 1220 1442 his
1252 1402 1370 1443 non
1395 1381 1629 1455 dubito,
1658 1381 1798 1462 quin
1828 1382 2129 1462 adjutores

207 1491 788 1565 propugnatoresque
825 1481 1022 1562 leg-um
1055 1488 1386 1541 nostrarum
1425 1478 1685 1541 habituri
1719 1480 1923 1553 simus,
1948 1482 2127 1545 modo

205 1580 365 1641 tales
387 1584 498 1641 rios
520 1580 910 1662 praebeamus,
936 1588 1004 1639 ut
1037 1577 1238 1639 animo
1263 1586 1462 1639 nostro
1497 1578 1965 1659 comtantiaeque
1988 1600 2124 1661 pos-

205 1679 334 1739 sint
353 1676 676 1740 confidere.
744 1675 1082 1757 Plerosque
1105 1676 1294 1737 etiam‘
1313 1674 1673 1757 reliquorum
1700 1686 1806 1737 aut
1831 1678 2128 1759 reputatio

205 1794 448 1836 auarum
472 1796 653 1857 opum
676 1773 1068 1857 permovebit,
1091 1792 1230 1835 eum
1255 1774 1436 1835 etiam
1454 1773 1739 1835 restitutis
1758 1794 1895 1855 quae
1920 1784 2127 1836 eontra

209 1870 376 1951 leges
399 1872 724 1953 possident,
750 1870 932 1933 futuri
967 1872 1091 1932 sint
1119 1870 1492 1953 praedivites:
1551 1879 1661 1931 aut
1684 1872 1904 1951 quietis
1928 1891 2129 1935 amore

209 1967 395 2030 semel
435 1969 652 2030 auferri
690 1978 784 2031 tot
819 1969 1210 2030 oertaminum
1259 1968 1571 2029 materiam
1612 1969 1955 2049 patientur:
2026 1978 2131 2030 aut

209 2066 504 2127 honorum
545 2066 818 2149 impellet
849 2066 1021 2127 bonis
1055 2064 1282 2127 artibus
1318 2064 1713 2147 parandorum
1750 2065 2025 2139 aviditaS,
2063 2076 2133 2128 ut

211 2161 504 2224 beneficia
527 2162 732 2244 populi
751 2162 1000 2244 cupiant
1021 2162 1358 2244 promereri.
1443 2161 1574 2229 Qui
1592 2161 2000 2242 relinquentur
2023 2161 2130 2224 de-

209 2260 442 2321 terrimi
466 2261 753 2330 omnium,
779 2278 898 2319 non
925 2259 1013 2319 ita
1031 2257 1204 2319 multi
1223 2267 1417 2331 erunt,
1438 2267 1505 2320 et
1525 2260 1839 2319 consensui
1864 2260 2133 2321 civitatis

213 2376 335 2418 non
361 2358 649 2418 resistent.
736 2355 901 2418 Haee
927 2356 1018 2417 ita
1049 2375 1166 2416 non
1199 2356 1398 2437 inepte
1435 2354 1582 2417 lieet
1618 2357 2011 2436 argumentari
2052 2357 2131 2418 de

211 2453 483 2535 singulis.

301 2558 403 2611 16.
443 2560 462 2587 ⁴
496 2548 785 2612 Senatum
823 2570 989 2623 vero,
1031 2550 1130 2611 eui
1165 2557 1229 2611 et
1251 2548 1517 2609 maxima
1555 2546 1885 2610 eommunis
1923 2549 2135 2611 salutis

211 2668 362 2709 eura
383 2656 498 2719 est,
523 2656 588 2708 et
610 2650 916 2730 praeeipua
937 2646 1286 2730 reipublice
1307 2646 1580 2719 scientia,
1607 2646 1748 2726 quis
1770 2645 1981 2708 eredat
1994 2646 2135 2719 huie

211 2744 664 2807 adversaturum
705 2743 974 2817 oonsilio,
1018 2743 1178 2826 quod
1226 2742 1412 2805 variis
1450 2743 1819 2823 temporibus
1858 2744 2136 2825 probavit

211 2843 369 2925 ipse,
395 2844 688 2923 cujusque
715 2842 872 2924 patri
907 2862 1042 2917 meo
1087 2850 1294 2902 auctor
1318 2839 1566 2901 extitit?
1608 2837 1817 2912 Certe,
1842 2850 2135 2919 quantum

212 2959 330 3019 ego
366 2958 600 3021 possum
630 2937 950 3011 reeordari,
986 2946 1217 3020 quanto
1249 2936 1502 3018 quisque
1527 2935 1789 2997 Patrum
1816 2937 2136 2999 illustriore

211 3036 455 3097 fortuna
477 3036 758 3118 famaque
785 3037 928 3117 egit,
955 3044 1126 3099 tanto
1151 3035 1372 3117 saepius
1407 3054 1480 3095 ao
1521 3032 1867 3113 diligentius
1890 3034 1972 3095 de
1994 3056 2135 3096 eon-

210 3133 428 3194 cordia
449 3133 746 3207 ordinum,
771 3154 917 3195 eura
956 3152 1304 3215 pauperum,
1342 3130 1618 3191 libertate
1654 3132 1915 3192 omnium
1951 3131 2136 3193 disse-

209 3238 444 3291 rentem
468 3229 694 3292 audivi.
777 3230 1026 3313 Neque,
1067 3238 1281 3317 praeter
1317 3248 1541 3312 paucos
1575 3230 1684 3310 qui
1724 3228 1875 3289 nihil
1910 3250 2025 3291 non
2056 3231 2137 3292 ad

211 3348 384 3388 suam
427 3330 742 3389 avaritiam
773 3327 1059 3399 referunt,
1097 3328 1414 3409 quisquam
1449 3335 1562 3398 est,
1603 3326 1707 3405 qui
1747 3334 1987 3408 propter
2022 3328 2135 3389 ini-

213 3444 408 3505 quum
432 3424 660 3486 lucrum
687 3424 926 3486 interire
957 3444 1096 3485 cum
1133 3423 1468 3507 republica,
1507 3442 1713 3505 quam,
1740 3422 1848 3485 illo
1872 3423 2136 3498 dimisso,

211 3522 420 3583 salvus
443 3521 504 3581 in
528 3521 700 3584 salva
721 3522 969 3583 civitate
995 3520 1210 3601 degere
1237 3519 1428 3583 malit.

303 3624 402 3681 17.
447 3627 466 3654 ‘
497 3617 622 3696 Sed
647 3616 802 3703 {orte
826 3616 902 3678 de
929 3637 1200 3697 agrorum
1233 3618 1396 3696 jure,
1422 3616 1588 3698 quod
1615 3616 2017 3678 indubitatum
2043 3626 2135 3679 at-

213 3735 341 3805 que
364 3723 590 3776 eertum
616 3723 731 3786 est,
761 3712 908 3775 nihil
935 3723 1153 3795 praeter
1189 3733 1480 3774 summam
1519 3714 1582 3774 in
1618 3713 1780 3773 mala
1818 3734 2001 3776 causa
2024 3716 2133 3775 im-

217 3811 572 3895 pudentiam
595 3811 818 3893 opponi
854 3811 1106 3892 poterit:
1148 3808 1596 3897 frumentariam
1634 3807 1825 3889 legem
1867 3820 2137 3889 arguent,

215 3906 384 3989 quod
405 3908 587 3969 nimia
607 3906 964 3969 liberalitate
985 3907 1067 3968 sit
1087 3908 1356 3967 aerarium
1377 3906 1761 3969 exhaustura.
1846 3905 1979 3969 Hie
1994 3927 2139 3968 vero

218 4004 370 4085 quid
391 4005 667 4087 primum,
693 4002 840 4086 quid
867 4012 1077 4086 postea
1101 4002 1344 4065 dicam?
1387 4002 1616 4063 Ideone
1651 4004 1924 4064 aerarium
1952 4004 2138 4065 habe-

221 4122 378 4174 mus,
407 4110 474 4161 ut
495 4117 726 4182 semper
749 4102 1020 4163 clausum
1045 4102 1530 4181 inaccessumque
1551 4108 1756 4161 teneat
1772 4120 1923 4180 quas
1942 4100 2140 4161 hausit

219 4218 388 4279 opes,
414 4208 704 4279 tauquam
727 4196 1112 4280 inexplebilis
1147 4217 1426 4269 oceanus,
1454 4204 1560 4257 aut
1593 4197 1763 4277 regia
1801 4194 1965 4259 Ditis
1990 4217 2139 4259 nun-

224 4314 408 4374 quam
451 4294 756 4355 redditura
780 4294 943 4375 quod
969 4294 1324 4355 absorbuit?
1366 4292 1472 4354 Au
1514 4294 1733 4375 poterit
1766 4293 1987 4374 aliquis
2012 4314 2139 4354 esse

223 4412 364 4453 usus
387 4392 644 4465 sanctior
671 4401 851 4472 atque
879 4392 1264 4466 laudabilior,
1284 4412 1462 4473 quam
1488 4392 1538 4452 si
1563 4391 1659 4453 his
1681 4390 1895 4473 opibus
1915 4400 2140 4473 sustep-
