3225 5242
719 552 932 603 Lisai
983 552 1214 603 mxxi.
1255 550 1909 603 surranussu‘ruu.
2254 533 2435 607 4429

277 702 382 759 ³0.
424 694 522 757 Eo
555 702 822 778 tempore
861 714 1142 777 magnum
1167 695 1248 756 ab
1281 694 1428 757 urbe
1467 694 1797 777 periculum
1826 694 1942 773 Cn.
1974 692 2105 757 Do·-
2131 691 2311 808 vDffod·
2333 706 2417 758 ψ·

189 793 403 855 mitius
439 793 676 853 avertit.
762 791 830 853 Is
869 793 1068 853 nescio
1107 812 1232 872 qua
1263 792 1340 855 de
1369 812 1552 853 causa
1575 793 1787 853 itinere
1811 801 2111 873 suscepto,
2182 774 2211 807 ⁸
2230 793 2247 809 ⁶

189 888 348 951 forte
366 890 428 951 in
448 888 870 971 Pompaedium
889 888 1156 950 Silonem
1173 889 1386 950 incidit
1401 889 1741 949 Marsorum
1760 889 2111 971 principem,

187 1006 338 1047 cum
355 1006 576 1067 magno
597 986 902 1047 hominum
929 986 1164 1065 agmine
1189 984 1400 1047 eadem
1424 986 1526 1046 via
1551 986 1909 1047 venientem.
1954 986 2113 1047 Cum

187 1082 572 1145 familiariter
611 1086 764 1145 inter
809 1104 872 1145 se
911 1082 1291 1155 salutassent,
1330 1088 1350 1118 ‘
1366 1104 1697 1163 ecquonam
1738 1092 1907 1146 tanta
1928 1083 2114 1165 stipa-

187 1189 294 1241 tus
313 1190 558 1243 caterva
575 1181 846 1243 tenderet
862 1181 906 1240 ‘2’
951 1179 1251 1243 Domitius
1266 1180 1625 1259 interrogat:
1654 1181 1781 1252 ubi,
1810 1189 1827 1217 ‘
1850 1180 2117 1241 Romam

189 1279 308 1349 ire,
336 1287 616 1340 vocatum
644 1300 683 1341 a
705 1279 960 1339 tribunis
978 1278 1194 1360 plebis,
1211 1279 1474 1339 civitatis
1489 1277 1859 1359 accipiundae
1878 1278 2117 1357 gratia,’

189 1394 544 1457 responsum
565 1384 689 1444 est:
738 1384 755 1412 ⁴
790 1373 988 1435 Immo
1011 1375 1197 1447 vero,’
1237 1378 1348 1447 ait,
1391 1384 1408 1411 ‘
1433 1394 1548 1435 non
1576 1374 1742 1435 aliud
1766 1384 1891 1435 tam
1918 1374 2115 1435 inimi-

189 1490 337 1533 cum
364 1473 490 1553 spei
515 1482 726 1533 vestrae
751 1471 1063 1532 consilium
1090 1492 1306 1553 capere
1345 1471 1653 1553 potuisses.
1737 1469 1995 1532 Senatus
2022 1472 2115 1531 ni-

190 1568 284 1627 hil
333 1578 456 1629 tam
496 1568 803 1648 indignum
839 1588 950 1629 sua
979 1570 1294 1649 majestate
1335 1566 1562 1641 credet,
1593 1588 1776 1648 quam
1808 1569 1986 1647 cogi:
2030 1578 2115 1641 et,

191 1665 362 1745 quod
388 1666 729 1745 rogantibus
753 1685 1135 1725 concessurus
1175 1664 1290 1726 fuit
1319 1664 1566 1737 donum,
1593 1664 1957 1725 minantibus
1984 1686 2115 1747 per·

191 1762 460 1841 negabit.
547 1761 933 1843 Quapropter
957 1763 1144 1823 etiam
1177 1772 1360 1842 atque
1389 1762 1569 1823 etiam
1599 1761 1824 1833 videte,
1853 1761 1999 1842 quid
2024 1763 2115 1823 in-

189 1859 458 1939 cipiatis.
547 1858 905 1919 Violentum
955 1858 1268 1921 consilium
1331 1859 1530 1939 turpia
1577 1858 1771 1930 initia,
1824 1860 2117 1942 ancipites

187 1964 445 2016 eventus
482 1956 708 2016 habet:
751 1963 815 2015 et
858 1956 932 2027 si,
980 1954 1142 2034 quod
1175 1954 1456 2034 equidem
1494 1954 1659 2016 haud
1696 1955 1889 2015 minus
1922 1965 2119 2017 vestra

189 2072 380 2131 quam
410 2061 610 2113 nostra
628 2072 813 2113 causa
837 2052 1166 2123 abominor,
1185 2070 1368 2131 quam
1393 2050 1728 2113 felicissime
1748 2052 2115 2124 successerit,

192 2167 334 2228 quae
359 2168 482 2229 pax
503 2156 611 2209 aut
629 2148 915 2209 securitas
932 2168 1061 2207 esse
1080 2147 1298 2229 poterit
1316 2147 1466 2207 inter
1491 2146 1753 2217 infensos
1777 2148 2116 2227 invisosque

192 2244 596 2325 degentibus?
680 2244 906 2305 Omnia
943 2245 1115 2305 vobis
1148 2262 1359 2325 aspera
1395 2241 1759 2327 adversaque
1797 2243 2115 2325 praevideo,

193 2342 322 2403 vim
371 2352 434 2401 et
477 2351 700 2402 metum
752 2342 1226 2402 ostentantibus:
1273 2361 1378 2422 per
1425 2340 1777 2402 modestiam
1822 2351 1886 2403 et
1919 2344 2121 2421 justas

196 2460 428 2519 preces,
451 2440 570 2499 non
597 2440 894 2499 honestior
915 2438 1117 2510 modo,
1141 2438 1247 2498 sed
1272 2440 1455 2499 etiam
1473 2440 1681 2511 tutior,
1709 2438 1788 2501 ad
1810 2440 2121 2501 civitatem

195 2536 304 2597 via
349 2537 480 2597 est.'
566 2534 714 2596 Hac
759 2536 1024 2596 oratione
1079 2554 1390 2615 persuasus
1432 2535 1823 2617 Pompaedius
1866 2536 2123 2597 abduxit

195 2654 358 2703 suos,
387 2634 712 2713 urbemque
739 2653 860 2693 non
884 2632 1243 2693 translatitio
1261 2632 1602 2695 discrimine
1628 2633 1925 2695 liberavit.
1987 2635 2119 2696 Pu-

194 2731 472 2811 gionibus
503 2732 662 2791 enim
693 2732 803 2791 sub
841 2740 1004 2791 veste
1045 2730 1302 2791 accincti
1327 2742 1639 2803 venerant,
1678 2752 1871 2812 neque
1906 2752 2119 2811 genere

195 2829 504 2889 hominum
533 2848 728 2908 neque
755 2847 998 2887 numero
1015 2826 1351 2909 spernendi.
1396 2826 1631 2888 Decem
1656 2828 1870 2899 millia,
1901 2828 2119 2891 delecti

195 2945 279 2985 ex
297 2926 458 2986 omni
487 2924 870 2985 multitudine
896 2924 1252 3004 quaestiones
1275 2925 1635 2997 timentium,
1659 2924 1841 2985 Curia
1860 2925 2112 2987 circum-

195 3032 360 3083 ses‘sa
382 3022 688 3082 civitatem
715 3029 914 3103 petere
949 3020 1348 3081 deliberatum
1373 3022 1715 3091 habebant3
1756 3022 1810 3083 si
1835 3032 2115 3101 negatum

194 3130 375 3192 esset,
405 3117 561 3181 ferro
603 3127 784 3198 atque
811 3118 945 3197 igne
971 3119 1240 3195 grassari.

281 3222 381 3277 31.
427 3216 551 3278 Sed
575 3236 770 3297 neque
790 3214 1130 3277 consulibus
1143 3215 1289 3275 satis
1311 3234 1448 3275 cum
1471 3225 1679 3276 senatu
1700 3218 2117 3291 conveniebat,
2150 3210 2161 3235 ⁴

194 3316 288 3373 ita
312 3314 607 3395 permixta
633 3313 832 3374 omnia
858 3312 1260 3373 simultatibus
1289 3312 1591 3392 turbisque
1619 3312 1931 3375 fervebant
1960 3334 1977 3373 z
2022 3314 2115 3375 lu·
2171 3315 2339 3367 Cic-de
2357 3317 2443 3367 Or·

194 3412 412 3493 disque
459 3410 782 3483 Romanis,
834 3431 986 3491 quos
1039 3410 1134 3470 M.
1192 3408 1486 3470 Claudius
1545 3409 1875 3471 Marcellus
1926 3411 2120 3475 aedilis
2142 3396 2181 3431 ¹·
2200 3386 2249 3493 ⁷}
2266 3391 2319 3431 ⁰²
2340 3387 2423 3433 ¹⁸⁰

193 3508 420 3569 curulis
443 3508 686 3579 edebat,
716 3506 788 3567 L.
819 3507 1146 3589 Philippus
1175 3508 1238 3567 in
1277 3507 1542 3570 maxima
1575 3508 1801 3568 civium
1831 3510 2115 3571 concione
2280 3527 2367 3562 1¹1·
2392 3517 2441 3562 l·

191 3615 210 3641 ‘
233 3603 558 3666 videndum
582 3604 698 3663 sibi
732 3603 897 3664 aliud
935 3624 1062 3663 esse
1097 3602 1446 3664 eonsilium'
1487 3603 1689 3666 dixit:
1736 3604 1881 3666 ‘illo
1906 3616 2115 3667 senatu
2302 3620 2309 3623 “

193 3723 262 3762 se
312 3700 742 3783 rempublicam
777 3719 980 3780 gerere
1023 3720 1141 3761 non
1179 3700 1392 3781 posse!
1477 3700 1809 3761 commotis
1848 3723 1951 3784 per
1985 3702 2115 3764 haec

195 3798 577 3859 vehementer
621 3798 856 3868 animis,
889 3795 978 3857 A.
1008 3794 1092 3857 D.
1136 3795 1288 3857 Idus
1315 3795 1697 3879 Septembres
1736 3808 1975 3861 senatus
1996 3798 2114 3859 fre-

195 3915 388 3977 quens
411 3901 628 3955 vocatu
657 3892 841 3954 Drusi
869 3893 930 3953 in
952 3891 1199 3953 Curiam
1221 3894 1404 3954 venit.
1946 3948 1957 3955 .

175 3984 186 3991 ’
283 3998 387 4053 32.
433 3990 672 4052 Aderat
693 3999 757 4051 et
781 3988 854 4051 L.
883 3988 1170 4051 Crassus:
1213 3990 1380 4070 isque
1417 3996 1554 4051 ante
1588 4012 1812 4065 omnes,
1843 4013 1977 4054 cum
2010 4014 2117 4075 pro

193 4089 380 4172 copia
401 4109 510 4148 sua
535 4088 714 4167 vique
741 4084 979 4149 dicendi
1005 4094 1246 4147 senatus
1268 4087 1688 4151 contumeliam
1716 4088 2117 4151 efficacissime

193 4184 496 4257 deflesset,
527 4184 779 4245 irritavit
803 4182 1128 4255 consulem,
1157 4184 1310 4243 acris
1333 4190 1396 4245 et
1433 4185 1759 4263 arrogantis
1783 4186 2001 4265 ingenii
2024 4189 2115 4247 vi·-

196 4303 354 4354 rum,
391 4291 462 4342 ut
495 4300 737 4345 manum
773 4281 834 4340 in
870 4278 1042 4339 illum
1068 4280 1233 4361 injici
1260 4281 1521 4358 juberet.
1610 4280 1840 4367 Contra
1865 4282 2117 4344 Crassus
2172 4313 2286 4365 va]-
2302 4314 2443 4369 Mu·

197 4378 473 4460 negando
513 4388 532 4415 ⁶
557 4378 672 4439 sibi
695 4376 1000 4439 consulem
1024 4376 1236 4449 videri,
1267 4377 1365 4437 oui
1390 4386 1625 4439 senator
1650 4380 1777 4465 ipse
1804 4400 1921 4441 non
1948 4380 2111 4443 vide·
2142 4388 2217 4429 *1-
2236 4384 2288 4431 ²·
