<?xml version="1.0" encoding="UTF-8"?>
<!DOCTYPE html PUBLIC "-//W3C//DTD XHTML 1.0 Transitional//EN"
    "http://www.w3.org/TR/xhtml1/DTD/xhtml1-transitional.dtd">
<html xmlns="http://www.w3.org/1999/xhtml" xml:lang="en" lang="en">
 <head>
  <title>
</title>
<meta http-equiv="Content-Type" content="text/html;charset=utf-8" />
  <meta name='ocr-system' content='tesseract 3.04.00' />
  <meta name='ocr-capabilities' content='ocr_page ocr_carea ocr_par ocr_line ocrx_word'/>
</head>
<body>
  <div class='ocr_page' id='page_1' title='image "./tliviipatavinih36unkngoog_0061.png"; bbox 0 0 3225 5242; ppageno 0'>
   <div class='ocr_carea' id='block_1_1' title="bbox 780 515 2436 600">
    <p class='ocr_par' dir='ltr' id='par_1_1' title="bbox 780 515 2436 600">
     <span class='ocr_line' id='line_1_1' title="bbox 780 515 2436 600; baseline -0.001 -1"><span class='ocrx_word' id='word_1_1' title='bbox 780 547 989 600; x_wconf 77' lang='lat' dir='ltr'><strong>unm</strong></span> <span class='ocrx_word' id='word_1_2' title='bbox 1044 547 1175 598; x_wconf 73' lang='grc' dir='ltr'><strong>ιιι.</strong></span> <span class='ocrx_word' id='word_1_3' title='bbox 1220 515 1871 600; x_wconf 61' lang='lat' dir='ltr'><strong>surranum-run.</strong></span> <span class='ocrx_word' id='word_1_4' title='bbox 2257 527 2436 598; x_wconf 63' lang='grc' dir='ltr'><strong>Μ</strong></span> 
     </span>
    </p>
   </div>
   <div class='ocr_carea' id='block_1_2' title="bbox 186 685 2454 4378">
    <p class='ocr_par' dir='ltr' id='par_1_2' title="bbox 190 685 2412 1066">
     <span class='ocr_line' id='line_1_2' title="bbox 190 685 2412 762; baseline -0.001 -10"><span class='ocrx_word' id='word_1_5' title='bbox 190 691 295 752; x_wconf 82' lang='lat' dir='ltr'><strong>cit.</strong></span> <span class='ocrx_word' id='word_1_6' title='bbox 378 687 763 762; x_wconf 85' lang='lat' dir='ltr'><strong>Alexander,</strong></span> <span class='ocrx_word' id='word_1_7' title='bbox 790 685 1103 752; x_wconf 86' lang='lat' dir='ltr'><strong>intellecto</strong></span> <span class='ocrx_word' id='word_1_8' title='bbox 1130 687 1507 752; x_wconf 75' lang='lat' dir='ltr'><strong>Demetrium</strong></span> <span class='ocrx_word' id='word_1_9' title='bbox 1540 709 1622 752; x_wconf 90' lang='lat' dir='ltr'><strong>ex</strong></span> <span class='ocrx_word' id='word_1_10' title='bbox 1649 689 1840 752; x_wconf 84' lang='lat' dir='ltr'><strong>Creta</strong></span> <span class='ocrx_word' id='word_1_11' title='bbox 1863 691 1926 752; x_wconf 83' lang='lat' dir='ltr'><strong>in</strong></span> <span class='ocrx_word' id='word_1_12' title='bbox 1947 687 2102 750; x_wconf 82' lang='lat' dir='ltr'><strong>cili-</strong></span> <span class='ocrx_word' id='word_1_13' title='bbox 2129 686 2412 740; x_wconf 58' lang='lat' dir='ltr'><strong>Maenuba.</strong></span> 
     </span>
     <span class='ocr_line' id='line_1_3' title="bbox 190 757 2336 882; baseline 0 -34"><span class='ocrx_word' id='word_1_14' title='bbox 190 789 347 850; x_wconf 86' lang='lat' dir='ltr'><strong>ciam</strong></span> <span class='ocrx_word' id='word_1_15' title='bbox 372 789 705 868; x_wconf 61' lang='lat' dir='ltr'><strong>bajocisse,</strong></span> <span class='ocrx_word' id='word_1_16' title='bbox 726 789 915 866; x_wconf 80' lang='lat' dir='ltr'><strong>magis</strong></span> <span class='ocrx_word' id='word_1_17' title='bbox 936 795 1099 848; x_wconf 86' lang='lat' dir='ltr'><strong>metu</strong></span> <span class='ocrx_word' id='word_1_18' title='bbox 1116 807 1227 850; x_wconf 84' lang='lat' dir='ltr'><strong>suo</strong></span> <span class='ocrx_word' id='word_1_19' title='bbox 1244 807 1425 868; x_wconf 85' lang='lat' dir='ltr'><strong>quam</strong></span> <span class='ocrx_word' id='word_1_20' title='bbox 1450 788 1642 852; x_wconf 86' lang='lat' dir='ltr'><strong>hostis</strong></span> <span class='ocrx_word' id='word_1_21' title='bbox 1673 789 1882 850; x_wconf 81' lang='lat' dir='ltr'>robore</span> <span class='ocrx_word' id='word_1_22' title='bbox 1901 757 2336 882; x_wconf 56' lang='lat' dir='ltr'><strong>Pumzlgleph.</strong></span> 
     </span>
     <span class='ocr_line' id='line_1_4' title="bbox 192 883 2366 968; baseline 0.001 -22"><span class='ocrx_word' id='word_1_23' title='bbox 192 885 589 947; x_wconf 81' lang='lat' dir='ltr'><strong>Antiochiam</strong></span> <span class='ocrx_word' id='word_1_24' title='bbox 630 886 895 956; x_wconf 73' lang='lat' dir='ltr'><strong>recessit,</strong></span> <span class='ocrx_word' id='word_1_25' title='bbox 922 883 1136 946; x_wconf 87' lang='lat' dir='ltr'><strong>relicta</strong></span> <span class='ocrx_word' id='word_1_26' title='bbox 1175 883 1529 966; x_wconf 79' lang='lat' dir='ltr'><strong>Coelesyria,</strong></span> <span class='ocrx_word' id='word_1_27' title='bbox 1566 889 1742 966; x_wconf 84' lang='lat' dir='ltr'><strong>cujus</strong></span> <span class='ocrx_word' id='word_1_28' title='bbox 1761 896 1982 968; x_wconf 73' lang='lat' dir='ltr'><strong>praetor</strong></span> <span class='ocrx_word' id='word_1_29' title='bbox 2009 885 2104 946; x_wconf 90' lang='lat' dir='ltr'><strong>A-</strong></span> <span class='ocrx_word' id='word_1_30' title='bbox 2128 892 2366 948; x_wconf 75' lang='lat' dir='ltr'><strong>Maehsb.</strong></span> 
     </span>
     <span class='ocr_line' id='line_1_5' title="bbox 190 979 2108 1066; baseline 0.002 -25"><span class='ocrx_word' id='word_1_31' title='bbox 190 981 513 1063; x_wconf 84' lang='lat' dir='ltr'><strong>pollonius,</strong></span> <span class='ocrx_word' id='word_1_32' title='bbox 554 1001 695 1042; x_wconf 87' lang='lat' dir='ltr'><strong>cum</strong></span> <span class='ocrx_word' id='word_1_33' title='bbox 732 979 1029 1044; x_wconf 81' lang='lat' dir='ltr'><strong>Demetrii</strong></span> <span class='ocrx_word' id='word_1_34' title='bbox 1066 989 1269 1064; x_wconf 87' lang='lat' dir='ltr'><strong>partes</strong></span> <span class='ocrx_word' id='word_1_35' title='bbox 1305 990 1567 1054; x_wconf 79' lang='lat' dir='ltr'><strong>secutus,</strong></span> <span class='ocrx_word' id='word_1_36' title='bbox 1602 982 1784 1063; x_wconf 72' lang='lat' dir='ltr'><strong>hujus</strong></span> <span class='ocrx_word' id='word_1_37' title='bbox 1823 983 2108 1066; x_wconf 71' lang='lat' dir='ltr'><strong>auspiciis</strong></span> 
     </span>
    </p>

    <p class='ocr_par' dir='ltr' id='par_1_3' title="bbox 187 1077 2106 1160">
     <span class='ocr_line' id='line_1_6' title="bbox 187 1077 2106 1160; baseline 0.001 -22"><span class='ocrx_word' id='word_1_38' title='bbox 187 1087 403 1138; x_wconf 75' lang='lat' dir='ltr'><strong>contra</strong></span> <span class='ocrx_word' id='word_1_39' title='bbox 422 1077 824 1140; x_wconf 82' lang='lat' dir='ltr'><strong>Jonathancm</strong></span> <span class='ocrx_word' id='word_1_40' title='bbox 848 1077 1199 1139; x_wconf 75' lang='lat' dir='ltr'><strong>Judaeomm</strong></span> <span class='ocrx_word' id='word_1_41' title='bbox 1232 1077 1449 1139; x_wconf 87' lang='lat' dir='ltr'><strong>ducem</strong></span> <span class='ocrx_word' id='word_1_42' title='bbox 1488 1077 1649 1140; x_wconf 87' lang='lat' dir='ltr'><strong>male</strong></span> <span class='ocrx_word' id='word_1_43' title='bbox 1687 1080 2106 1160; x_wconf 64' lang='lat' dir='ltr'><strong>pugnavisset}</strong></span> 
     </span>
    </p>

    <p class='ocr_par' dir='ltr' id='par_1_4' title="bbox 188 1172 2108 1258">
     <span class='ocr_line' id='line_1_7' title="bbox 188 1172 2108 1258; baseline 0.002 -24"><span class='ocrx_word' id='word_1_44' title='bbox 188 1173 425 1234; x_wconf 86' lang='lat' dir='ltr'><strong>meliori</strong></span> <span class='ocrx_word' id='word_1_45' title='bbox 464 1195 571 1256; x_wconf 89' lang='lat' dir='ltr'><strong>spe</strong></span> <span class='ocrx_word' id='word_1_46' title='bbox 588 1174 864 1236; x_wconf 85' lang='lat' dir='ltr'><strong>sublatus</strong></span> <span class='ocrx_word' id='word_1_47' title='bbox 888 1172 1267 1245; x_wconf 70' lang='lat' dir='ltr'><strong>Alexander,</strong></span> <span class='ocrx_word' id='word_1_48' title='bbox 1294 1175 1640 1258; x_wconf 82' lang='lat' dir='ltr'><strong>viribusque</strong></span> <span class='ocrx_word' id='word_1_49' title='bbox 1665 1176 1885 1258; x_wconf 83' lang='lat' dir='ltr'><strong>potior,</strong></span> <span class='ocrx_word' id='word_1_50' title='bbox 1923 1195 2108 1238; x_wconf 86' lang='lat' dir='ltr'><strong>cona-</strong></span> 
     </span>
    </p>

    <p class='ocr_par' dir='ltr' id='par_1_5' title="bbox 190 1269 1828 1332">
     <span class='ocr_line' id='line_1_8' title="bbox 190 1269 1828 1332; baseline 0.002 -2"><span class='ocrx_word' id='word_1_51' title='bbox 190 1279 285 1330; x_wconf 84' lang='lat' dir='ltr'><strong>tus</strong></span> <span class='ocrx_word' id='word_1_52' title='bbox 310 1271 574 1332; x_wconf 83' lang='lat' dir='ltr'><strong>bostium</strong></span> <span class='ocrx_word' id='word_1_53' title='bbox 592 1271 755 1332; x_wconf 84' lang='lat' dir='ltr'><strong>haud</strong></span> <span class='ocrx_word' id='word_1_54' title='bbox 774 1269 1095 1332; x_wconf 82' lang='lat' dir='ltr'><strong>difficulter</strong></span> <span class='ocrx_word' id='word_1_55' title='bbox 1113 1269 1419 1332; x_wconf 86' lang='lat' dir='ltr'><strong>eludebat.</strong></span> <span class='ocrx_word' id='word_1_56' title='bbox 1821 1291 1828 1298; x_wconf 77' lang='lat'><strong>·</strong></span> 
     </span>
    </p>

    <p class='ocr_par' dir='ltr' id='par_1_6' title="bbox 186 1365 2454 3012">
     <span class='ocr_line' id='line_1_9' title="bbox 267 1365 2435 1451; baseline 0 -23"><span class='ocrx_word' id='word_1_57' title='bbox 267 1374 373 1428; x_wconf 81' lang='grc'><strong>39.</strong></span> <span class='ocrx_word' id='word_1_58' title='bbox 418 1367 584 1446; x_wconf 77' lang='lat' dir='ltr'><strong>Ergo</strong></span> <span class='ocrx_word' id='word_1_59' title='bbox 622 1365 967 1428; x_wconf 84' lang='lat' dir='ltr'><strong>Demetrius</strong></span> <span class='ocrx_word' id='word_1_60' title='bbox 1002 1367 1332 1447; x_wconf 73' lang='lat' dir='ltr'><strong>majoribus</strong></span> <span class='ocrx_word' id='word_1_61' title='bbox 1356 1365 1601 1429; x_wconf 76' lang='lat' dir='ltr'><strong>auxiliis</strong></span> <span class='ocrx_word' id='word_1_62' title='bbox 1635 1387 1788 1451; x_wconf 88' lang='lat' dir='ltr'><strong>opus</strong></span> <span class='ocrx_word' id='word_1_63' title='bbox 1823 1389 1950 1430; x_wconf 86' lang='lat' dir='ltr'><strong>esse</strong></span> <span class='ocrx_word' id='word_1_64' title='bbox 1975 1389 2106 1430; x_wconf 88' lang='lat' dir='ltr'><strong>cer·-</strong></span> <span class='ocrx_word' id='word_1_65' title='bbox 2128 1373 2308 1442; x_wconf 64' lang='lat' dir='ltr'><strong>Salpia.</strong></span> <span class='ocrx_word' id='word_1_66' title='bbox 2319 1373 2435 1428; x_wconf 70' lang='lat' dir='ltr'><strong>Ser.</strong></span> 
     </span>
     <span class='ocr_line' id='line_1_10' title="bbox 188 1463 2106 1548; baseline 0.002 -24"><span class='ocrx_word' id='word_1_67' title='bbox 188 1483 357 1537; x_wconf 87' lang='lat' dir='ltr'><strong>nens,</strong></span> <span class='ocrx_word' id='word_1_68' title='bbox 386 1463 793 1526; x_wconf 78' lang='lat' dir='ltr'><strong>Ptolemoeum</strong></span> <span class='ocrx_word' id='word_1_69' title='bbox 832 1463 1309 1526; x_wconf 83' lang='lat' dir='ltr'><strong>Philometorem</strong></span> <span class='ocrx_word' id='word_1_70' title='bbox 1347 1465 1601 1548; x_wconf 78' lang='lat' dir='ltr'><strong>AEgypti</strong></span> <span class='ocrx_word' id='word_1_71' title='bbox 1629 1485 1825 1545; x_wconf 67' lang='lat' dir='ltr'><strong>regem</strong></span> <span class='ocrx_word' id='word_1_72' title='bbox 1850 1467 2106 1528; x_wconf 86' lang='lat' dir='ltr'><strong>excitat.</strong></span> 
     </span>
     <span class='ocr_line' id='line_1_11' title="bbox 190 1553 2454 1643; baseline 0.003 -23"><span class='ocrx_word' id='word_1_73' title='bbox 190 1561 561 1643; x_wconf 84' lang='lat' dir='ltr'><strong>Quanquam</strong></span> <span class='ocrx_word' id='word_1_74' title='bbox 604 1563 763 1624; x_wconf 87' lang='lat' dir='ltr'><strong>enim</strong></span> <span class='ocrx_word' id='word_1_75' title='bbox 808 1562 861 1622; x_wconf 90' lang='lat' dir='ltr'><strong>is</strong></span> <span class='ocrx_word' id='word_1_76' title='bbox 902 1559 1093 1624; x_wconf 83' lang='lat' dir='ltr'><strong>filiam</strong></span> <span class='ocrx_word' id='word_1_77' title='bbox 1133 1561 1495 1624; x_wconf 61' lang='lat' dir='ltr'><strong>Alexbndro</strong></span> <span class='ocrx_word' id='word_1_78' title='bbox 1542 1583 1792 1624; x_wconf 85' lang='lat' dir='ltr'><strong>uxorem</strong></span> <span class='ocrx_word' id='word_1_79' title='bbox 1829 1563 2100 1635; x_wconf 90' lang='lat' dir='ltr'><strong>dederat,</strong></span> <span class='ocrx_word' id='word_1_80' title='bbox 2157 1553 2388 1608; x_wconf 54' lang='lat' dir='ltr'><strong>Moehst’·</strong></span> <span class='ocrx_word' id='word_1_81' title='bbox 2449 1621 2454 1626; x_wconf 90' lang='lat'><em>.</em></span> 
     </span>
     <span class='ocr_line' id='line_1_12' title="bbox 188 1624 2272 1741; baseline 0.001 -21"><span class='ocrx_word' id='word_1_82' title='bbox 188 1667 391 1721; x_wconf 83' lang='lat' dir='ltr'><strong>tamen</strong></span> <span class='ocrx_word' id='word_1_83' title='bbox 435 1661 565 1721; x_wconf 78' lang='lat' dir='ltr'><strong>sive</strong></span> <span class='ocrx_word' id='word_1_84' title='bbox 610 1659 871 1720; x_wconf 84' lang='lat' dir='ltr'><strong>infensus</strong></span> <span class='ocrx_word' id='word_1_85' title='bbox 914 1679 1157 1739; x_wconf 77' lang='lat' dir='ltr'><strong>genero,</strong></span> <span class='ocrx_word' id='word_1_86' title='bbox 1195 1661 1323 1722; x_wconf 82' lang='lat' dir='ltr'><strong>sive</strong></span> <span class='ocrx_word' id='word_1_87' title='bbox 1362 1661 1738 1741; x_wconf 73' lang='lat' dir='ltr'><strong>occasionem</strong></span> <span class='ocrx_word' id='word_1_88' title='bbox 1777 1661 2102 1724; x_wconf 83' lang='lat' dir='ltr'><strong>invadendi</strong></span> <span class='ocrx_word' id='word_1_89' title='bbox 2127 1633 2168 1668; x_wconf 72' lang='lat'><strong>¹⁰</strong></span> <span class='ocrx_word' id='word_1_90' title='bbox 2191 1624 2272 1671; x_wconf 68' lang='lat'><strong>¹¹⁰</strong></span> 
     </span>
     <span class='ocr_line' id='line_1_13' title="bbox 187 1756 2103 1842; baseline 0.002 -24"><span class='ocrx_word' id='word_1_91' title='bbox 187 1757 355 1835; x_wconf 78' lang='lat' dir='ltr'><strong>regni</strong></span> <span class='ocrx_word' id='word_1_92' title='bbox 381 1758 567 1820; x_wconf 80' lang='lat' dir='ltr'><strong>vicini</strong></span> <span class='ocrx_word' id='word_1_93' title='bbox 592 1756 927 1839; x_wconf 87' lang='lat' dir='ltr'><strong>amplexus,</strong></span> <span class='ocrx_word' id='word_1_94' title='bbox 964 1777 1103 1818; x_wconf 85' lang='lat' dir='ltr'><strong>cum</strong></span> <span class='ocrx_word' id='word_1_95' title='bbox 1128 1757 1465 1837; x_wconf 73' lang='lat' dir='ltr'><strong>ingentibus</strong></span> <span class='ocrx_word' id='word_1_96' title='bbox 1494 1758 1869 1841; x_wconf 80' lang='lat' dir='ltr'><strong>pedestribus</strong></span> <span class='ocrx_word' id='word_1_97' title='bbox 1891 1779 2103 1842; x_wconf 81' lang='lat' dir='ltr'><strong>eques-</strong></span> 
     </span>
     <span class='ocr_line' id='line_1_14' title="bbox 188 1854 2333 1940; baseline 0.001 -28"><span class='ocrx_word' id='word_1_98' title='bbox 188 1854 500 1935; x_wconf 82' lang='lat' dir='ltr'><strong>tribusque</strong></span> <span class='ocrx_word' id='word_1_99' title='bbox 526 1856 719 1938; x_wconf 84' lang='lat' dir='ltr'><strong>copiis</strong></span> <span class='ocrx_word' id='word_1_100' title='bbox 752 1855 813 1916; x_wconf 89' lang='lat' dir='ltr'><strong>in</strong></span> <span class='ocrx_word' id='word_1_101' title='bbox 851 1854 1091 1936; x_wconf 82' lang='lat' dir='ltr'><strong>Syriam</strong></span> <span class='ocrx_word' id='word_1_102' title='bbox 1114 1856 1301 1928; x_wconf 82' lang='lat' dir='ltr'><strong>venit,</strong></span> <span class='ocrx_word' id='word_1_103' title='bbox 1330 1865 1618 1937; x_wconf 72' lang='lat' dir='ltr'><strong>tanquam</strong></span> <span class='ocrx_word' id='word_1_104' title='bbox 1643 1877 1859 1937; x_wconf 73' lang='lat' dir='ltr'><strong>genero</strong></span> <span class='ocrx_word' id='word_1_105' title='bbox 1883 1877 2102 1940; x_wconf 85' lang='lat' dir='ltr'><strong>suppe-</strong></span> <span class='ocrx_word' id='word_1_106' title='bbox 2124 1861 2333 1930; x_wconf 77' lang='lat' dir='ltr'><strong>Joseph.</strong></span> 
     </span>
     <span class='ocr_line' id='line_1_15' title="bbox 188 1951 2104 2038; baseline 0.003 -27"><span class='ocrx_word' id='word_1_107' title='bbox 188 1952 305 2011; x_wconf 84' lang='lat' dir='ltr'><strong>tias</strong></span> <span class='ocrx_word' id='word_1_108' title='bbox 328 1951 581 2013; x_wconf 86' lang='lat' dir='ltr'><strong>laturus.</strong></span> <span class='ocrx_word' id='word_1_109' title='bbox 664 1951 887 2033; x_wconf 88' lang='lat' dir='ltr'><strong>Itaque</strong></span> <span class='ocrx_word' id='word_1_110' title='bbox 904 1953 1187 2014; x_wconf 80' lang='lat' dir='ltr'><strong>civitates</strong></span> <span class='ocrx_word' id='word_1_111' title='bbox 1210 1955 1269 2015; x_wconf 91' lang='lat' dir='ltr'><strong>ei</strong></span> <span class='ocrx_word' id='word_1_112' title='bbox 1292 1961 1519 2035; x_wconf 84' lang='lat' dir='ltr'><strong>portas,</strong></span> <span class='ocrx_word' id='word_1_113' title='bbox 1546 1963 1616 2016; x_wconf 89' lang='lat' dir='ltr'><strong>ut</strong></span> <span class='ocrx_word' id='word_1_114' title='bbox 1633 1956 1850 2028; x_wconf 86' lang='lat' dir='ltr'><strong>amico,</strong></span> <span class='ocrx_word' id='word_1_115' title='bbox 1870 1957 2104 2038; x_wconf 84' lang='lat' dir='ltr'><strong>aperie-</strong></span> 
     </span>
     <span class='ocr_line' id='line_1_16' title="bbox 188 2049 2104 2128; baseline 0.004 -20"><span class='ocrx_word' id='word_1_116' title='bbox 188 2049 361 2120; x_wconf 80' lang='lat' dir='ltr'><strong>bant,</strong></span> <span class='ocrx_word' id='word_1_117' title='bbox 378 2051 637 2128; x_wconf 85' lang='lat' dir='ltr'><strong>jubente</strong></span> <span class='ocrx_word' id='word_1_118' title='bbox 672 2049 1056 2123; x_wconf 83' lang='lat' dir='ltr'><strong>Alexandro,</strong></span> <span class='ocrx_word' id='word_1_119' title='bbox 1097 2051 1225 2112; x_wconf 81' lang='lat' dir='ltr'><strong>sive</strong></span> <span class='ocrx_word' id='word_1_120' title='bbox 1254 2051 1545 2113; x_wconf 86' lang='lat' dir='ltr'><strong>credebat</strong></span> <span class='ocrx_word' id='word_1_121' title='bbox 1582 2053 1876 2113; x_wconf 83' lang='lat' dir='ltr'><strong>sinceram</strong></span> <span class='ocrx_word' id='word_1_122' title='bbox 1914 2054 2104 2115; x_wconf 87' lang='lat' dir='ltr'><strong>soceri</strong></span> 
     </span>
     <span class='ocr_line' id='line_1_17' title="bbox 188 2147 2104 2232; baseline 0.002 -26"><span class='ocrx_word' id='word_1_123' title='bbox 188 2155 453 2208; x_wconf 85' lang='lat' dir='ltr'><strong>mentem</strong></span> <span class='ocrx_word' id='word_1_124' title='bbox 486 2169 637 2219; x_wconf 79' lang='lat' dir='ltr'><strong>esse,</strong></span> <span class='ocrx_word' id='word_1_125' title='bbox 662 2149 789 2209; x_wconf 82' lang='lat' dir='ltr'><strong>sive</strong></span> <span class='ocrx_word' id='word_1_126' title='bbox 822 2147 1209 2229; x_wconf 72' lang='lat' dir='ltr'><strong>simplicitate</strong></span> <span class='ocrx_word' id='word_1_127' title='bbox 1232 2169 1344 2212; x_wconf 86' lang='lat' dir='ltr'><strong>sua</strong></span> <span class='ocrx_word' id='word_1_128' title='bbox 1366 2151 1625 2232; x_wconf 86' lang='lat' dir='ltr'><strong>putabat</strong></span> <span class='ocrx_word' id='word_1_129' title='bbox 1669 2148 1832 2210; x_wconf 90' lang='lat' dir='ltr'><strong>illius</strong></span> <span class='ocrx_word' id='word_1_130' title='bbox 1849 2148 2104 2230; x_wconf 76' lang='lat' dir='ltr'><strong>obligari</strong></span> 
     </span>
     <span class='ocr_line' id='line_1_18' title="bbox 188 2237 2108 2327; baseline 0.003 -23"><span class='ocrx_word' id='word_1_131' title='bbox 188 2241 373 2304; x_wconf 84' lang='lat' dir='ltr'><strong>fidem</strong></span> <span class='ocrx_word' id='word_1_132' title='bbox 410 2252 481 2306; x_wconf 86' lang='lat' dir='ltr'><strong>et</strong></span> <span class='ocrx_word' id='word_1_133' title='bbox 515 2244 803 2327; x_wconf 85' lang='lat' dir='ltr'><strong>pudorem</strong></span> <span class='ocrx_word' id='word_1_134' title='bbox 842 2265 1054 2327; x_wconf 85' lang='lat' dir='ltr'><strong>posse:</strong></span> <span class='ocrx_word' id='word_1_135' title='bbox 1096 2247 1211 2307; x_wconf 86' lang='lat' dir='ltr'><strong>nisi</strong></span> <span class='ocrx_word' id='word_1_136' title='bbox 1235 2255 1437 2308; x_wconf 86' lang='lat' dir='ltr'><strong>tamen</strong></span> <span class='ocrx_word' id='word_1_137' title='bbox 1477 2237 1966 2310; x_wconf 60' lang='lat' dir='ltr'><strong>dissimulatione</strong></span> <span class='ocrx_word' id='word_1_138' title='bbox 1987 2250 2108 2312; x_wconf 86' lang='lat' dir='ltr'><strong>ista</strong></span> 
     </span>
     <span class='ocr_line' id='line_1_19' title="bbox 186 2341 2104 2426; baseline 0.003 -24"><span class='ocrx_word' id='word_1_139' title='bbox 186 2343 427 2403; x_wconf 78' lang='lat' dir='ltr'><strong>occasio</strong></span> <span class='ocrx_word' id='word_1_140' title='bbox 445 2343 827 2424; x_wconf 79' lang='lat' dir='ltr'><strong>quaerebatur</strong></span> <span class='ocrx_word' id='word_1_141' title='bbox 845 2341 1099 2404; x_wconf 84' lang='lat' dir='ltr'><strong>tollendi</strong></span> <span class='ocrx_word' id='word_1_142' title='bbox 1125 2363 1233 2426; x_wconf 89' lang='lat' dir='ltr'><strong>per</strong></span> <span class='ocrx_word' id='word_1_143' title='bbox 1251 2344 1519 2417; x_wconf 85' lang='lat' dir='ltr'><strong>insidias,</strong></span> <span class='ocrx_word' id='word_1_144' title='bbox 1539 2363 1720 2426; x_wconf 89' lang='lat' dir='ltr'><strong>quem</strong></span> <span class='ocrx_word' id='word_1_145' title='bbox 1739 2345 1968 2406; x_wconf 83' lang='lat' dir='ltr'><strong>viribus</strong></span> <span class='ocrx_word' id='word_1_146' title='bbox 1985 2363 2104 2408; x_wconf 89' lang='lat' dir='ltr'><strong>non</strong></span> 
     </span>
     <span class='ocr_line' id='line_1_20' title="bbox 186 2439 2103 2526; baseline 0.002 -26"><span class='ocrx_word' id='word_1_147' title='bbox 186 2449 319 2500; x_wconf 77' lang='lat' dir='ltr'><strong>erat</strong></span> <span class='ocrx_word' id='word_1_148' title='bbox 341 2439 659 2521; x_wconf 86' lang='lat' dir='ltr'><strong>repellere.</strong></span> <span class='ocrx_word' id='word_1_149' title='bbox 742 2439 913 2502; x_wconf 87' lang='lat' dir='ltr'><strong>Nam</strong></span> <span class='ocrx_word' id='word_1_150' title='bbox 946 2449 1011 2503; x_wconf 91' lang='lat' dir='ltr'><strong>et</strong></span> <span class='ocrx_word' id='word_1_151' title='bbox 1050 2459 1189 2523; x_wconf 74' lang='lat' dir='ltr'><strong>quae</strong></span> <span class='ocrx_word' id='word_1_152' title='bbox 1212 2451 1423 2504; x_wconf 86' lang='lat' dir='ltr'><strong>secuta</strong></span> <span class='ocrx_word' id='word_1_153' title='bbox 1443 2451 1603 2514; x_wconf 81' lang='lat' dir='ltr'><strong>sunt,</strong></span> <span class='ocrx_word' id='word_1_154' title='bbox 1629 2442 1787 2504; x_wconf 84' lang='lat' dir='ltr'><strong>banc</strong></span> <span class='ocrx_word' id='word_1_155' title='bbox 1812 2444 2103 2526; x_wconf 79' lang='lat' dir='ltr'><strong>suspicio·</strong></span> 
     </span>
     <span class='ocr_line' id='line_1_21' title="bbox 188 2527 2358 2622; baseline 0.001 -24"><span class='ocrx_word' id='word_1_156' title='bbox 188 2555 325 2598; x_wconf 80' lang='lat' dir='ltr'><strong>nem</strong></span> <span class='ocrx_word' id='word_1_157' title='bbox 343 2537 730 2600; x_wconf 81' lang='lat' dir='ltr'><strong>vehementer</strong></span> <span class='ocrx_word' id='word_1_158' title='bbox 749 2537 1062 2616; x_wconf 86' lang='lat' dir='ltr'><strong>affirmant.</strong></span> <span class='ocrx_word' id='word_1_159' title='bbox 1104 2537 1265 2600; x_wconf 83' lang='lat' dir='ltr'><strong>Cum</strong></span> <span class='ocrx_word' id='word_1_160' title='bbox 1284 2540 1443 2600; x_wconf 86' lang='lat' dir='ltr'><strong>enim</strong></span> <span class='ocrx_word' id='word_1_161' title='bbox 1462 2539 1792 2622; x_wconf 76' lang='lat' dir='ltr'><strong>AEgyptius</strong></span> <span class='ocrx_word' id='word_1_162' title='bbox 1805 2561 1914 2622; x_wconf 89' lang='lat' dir='ltr'><strong>per</strong></span> <span class='ocrx_word' id='word_1_163' title='bbox 1927 2539 2100 2601; x_wconf 68' lang='lat' dir='ltr'><strong>Azo-</strong></span> <span class='ocrx_word' id='word_1_164' title='bbox 2127 2527 2358 2584; x_wconf 50' lang='lat' dir='ltr'><strong>”⁸0¹¹ss-</strong></span> 
     </span>
     <span class='ocr_line' id='line_1_22' title="bbox 186 2593 2336 2724; baseline 0.001 -29"><span class='ocrx_word' id='word_1_165' title='bbox 186 2642 315 2694; x_wconf 85' lang='lat' dir='ltr'><strong>tum</strong></span> <span class='ocrx_word' id='word_1_166' title='bbox 340 2643 407 2696; x_wconf 92' lang='lat' dir='ltr'><strong>et</strong></span> <span class='ocrx_word' id='word_1_167' title='bbox 432 2633 671 2718; x_wconf 85' lang='lat' dir='ltr'><strong>Ioppen</strong></span> <span class='ocrx_word' id='word_1_168' title='bbox 708 2637 841 2714; x_wconf 90' lang='lat' dir='ltr'><strong>(ubi</strong></span> <span class='ocrx_word' id='word_1_169' title='bbox 863 2636 1169 2724; x_wconf 82' lang='lat' dir='ltr'><strong>Jonatban</strong></span> <span class='ocrx_word' id='word_1_170' title='bbox 1192 2637 1251 2698; x_wconf 91' lang='lat' dir='ltr'><strong>ei</strong></span> <span class='ocrx_word' id='word_1_171' title='bbox 1274 2635 1627 2698; x_wconf 69' lang='lat' dir='ltr'><strong>Judaeomm</strong></span> <span class='ocrx_word' id='word_1_172' title='bbox 1650 2637 1778 2698; x_wconf 86' lang='lat' dir='ltr'><strong>dux</strong></span> <span class='ocrx_word' id='word_1_173' title='bbox 1813 2639 2104 2723; x_wconf 84' lang='lat' dir='ltr'><strong>occurrit)</strong></span> <span class='ocrx_word' id='word_1_174' title='bbox 2125 2593 2336 2662; x_wconf 61' lang='lat' dir='ltr'><strong>soaph.</strong></span> 
     </span>
     <span class='ocr_line' id='line_1_23' title="bbox 190 2729 2108 2817; baseline 0.003 -25"><span class='ocrx_word' id='word_1_175' title='bbox 190 2731 589 2794; x_wconf 87' lang='lat' dir='ltr'><strong>Ptolemaida</strong></span> <span class='ocrx_word' id='word_1_176' title='bbox 618 2735 901 2807; x_wconf 81' lang='lat' dir='ltr'><strong>venisset,</strong></span> <span class='ocrx_word' id='word_1_177' title='bbox 938 2729 1191 2796; x_wconf 77' lang='lat' dir='ltr'><strong>firmatis</strong></span> <span class='ocrx_word' id='word_1_178' title='bbox 1226 2731 1507 2817; x_wconf 74' lang='lat' dir='ltr'><strong>praesidio</strong></span> <span class='ocrx_word' id='word_1_179' title='bbox 1540 2755 1694 2816; x_wconf 86' lang='lat' dir='ltr'><strong>quas</strong></span> <span class='ocrx_word' id='word_1_180' title='bbox 1725 2733 2108 2816; x_wconf 74' lang='lat' dir='ltr'><strong>relinquebat</strong></span> 
     </span>
     <span class='ocr_line' id='line_1_24' title="bbox 188 2829 2103 2915; baseline 0.003 -25"><span class='ocrx_word' id='word_1_181' title='bbox 188 2832 461 2903; x_wconf 79' lang='lat' dir='ltr'><strong>urbibus,</strong></span> <span class='ocrx_word' id='word_1_182' title='bbox 492 2829 929 2914; x_wconf 76' lang='lat' dir='ltr'><strong>propemodum</strong></span> <span class='ocrx_word' id='word_1_183' title='bbox 956 2831 1305 2894; x_wconf 81' lang='lat' dir='ltr'><strong>interfectus</strong></span> <span class='ocrx_word' id='word_1_184' title='bbox 1330 2841 1424 2893; x_wconf 89' lang='lat' dir='ltr'><strong>est</strong></span> <span class='ocrx_word' id='word_1_185' title='bbox 1458 2831 1772 2894; x_wconf 85' lang='lat' dir='ltr'><strong>Ammonii</strong></span> <span class='ocrx_word' id='word_1_186' title='bbox 1795 2829 1964 2906; x_wconf 90' lang='lat' dir='ltr'><strong>dolo,</strong></span> <span class='ocrx_word' id='word_1_187' title='bbox 1995 2836 2103 2915; x_wconf 89' lang='lat' dir='ltr'><strong>qui</strong></span> 
     </span>
     <span class='ocr_line' id='line_1_25' title="bbox 188 2929 1311 3012; baseline 0.004 -24"><span class='ocrx_word' id='word_1_188' title='bbox 188 2930 388 2990; x_wconf 86' lang='lat' dir='ltr'><strong>omnia</strong></span> <span class='ocrx_word' id='word_1_189' title='bbox 411 2929 579 3010; x_wconf 88' lang='lat' dir='ltr'><strong>apud</strong></span> <span class='ocrx_word' id='word_1_190' title='bbox 599 2929 1025 2991; x_wconf 74' lang='lat' dir='ltr'><strong>Alexandrum</strong></span> <span class='ocrx_word' id='word_1_191' title='bbox 1050 2939 1311 3012; x_wconf 88' lang='lat' dir='ltr'><strong>poterat.</strong></span> 
     </span>
    </p>

    <p class='ocr_par' dir='ltr' id='par_1_7' title="bbox 188 3025 2439 4285">
     <span class='ocr_line' id='line_1_26' title="bbox 266 3025 2104 3111; baseline 0.001 -24"><span class='ocrx_word' id='word_1_192' title='bbox 266 3034 373 3089; x_wconf 82' lang='lat'><strong>40.</strong></span> <span class='ocrx_word' id='word_1_193' title='bbox 416 3025 587 3106; x_wconf 76' lang='lat' dir='ltr'><strong>Ergo</strong></span> <span class='ocrx_word' id='word_1_194' title='bbox 619 3045 725 3108; x_wconf 87' lang='lat' dir='ltr'><strong>per</strong></span> <span class='ocrx_word' id='word_1_195' title='bbox 745 3027 951 3088; x_wconf 85' lang='lat' dir='ltr'><strong>literas</strong></span> <span class='ocrx_word' id='word_1_196' title='bbox 974 3028 1167 3109; x_wconf 89' lang='lat' dir='ltr'><strong>petito</strong></span> <span class='ocrx_word' id='word_1_197' title='bbox 1192 3027 1271 3090; x_wconf 84' lang='lat' dir='ltr'><strong>ad</strong></span> <span class='ocrx_word' id='word_1_198' title='bbox 1314 3025 1702 3111; x_wconf 85' lang='lat' dir='ltr'><strong>supplicium,</strong></span> <span class='ocrx_word' id='word_1_199' title='bbox 1747 3047 1861 3089; x_wconf 83' lang='lat' dir='ltr'><strong>uec</strong></span> <span class='ocrx_word' id='word_1_200' title='bbox 1897 3026 2104 3089; x_wconf 86' lang='lat' dir='ltr'><strong>dedito</strong></span> 
     </span>
     <span class='ocr_line' id='line_1_27' title="bbox 188 3123 2104 3204; baseline 0.001 -20"><span class='ocrx_word' id='word_1_201' title='bbox 188 3123 543 3196; x_wconf 79' lang='lat' dir='ltr'><strong>Ammonio,</strong></span> <span class='ocrx_word' id='word_1_202' title='bbox 558 3143 839 3204; x_wconf 73' lang='lat' dir='ltr'><strong>generum</strong></span> <span class='ocrx_word' id='word_1_203' title='bbox 862 3123 1209 3186; x_wconf 87' lang='lat' dir='ltr'><strong>insimulans</strong></span> <span class='ocrx_word' id='word_1_204' title='bbox 1226 3125 1529 3186; x_wconf 85' lang='lat' dir='ltr'><strong>conscium</strong></span> <span class='ocrx_word' id='word_1_205' title='bbox 1552 3123 1900 3185; x_wconf 84' lang='lat' dir='ltr'><strong>insidiarum</strong></span> <span class='ocrx_word' id='word_1_206' title='bbox 1919 3125 1980 3184; x_wconf 88' lang='lat' dir='ltr'><strong>in</strong></span> <span class='ocrx_word' id='word_1_207' title='bbox 2001 3143 2104 3185; x_wconf 86' lang='lat' dir='ltr'><strong>ca-</strong></span> 
     </span>
     <span class='ocr_line' id='line_1_28' title="bbox 188 3219 2104 3302; baseline -0.001 -21"><span class='ocrx_word' id='word_1_208' title='bbox 188 3229 299 3302; x_wconf 89' lang='lat' dir='ltr'><strong>put</strong></span> <span class='ocrx_word' id='word_1_209' title='bbox 321 3241 501 3282; x_wconf 84' lang='lat' dir='ltr'><strong>suum</strong></span> <span class='ocrx_word' id='word_1_210' title='bbox 539 3219 745 3292; x_wconf 74' lang='lat' dir='ltr'><strong>finisse,</strong></span> <span class='ocrx_word' id='word_1_211' title='bbox 772 3241 911 3282; x_wconf 89' lang='lat' dir='ltr'><strong>cum</strong></span> <span class='ocrx_word' id='word_1_212' title='bbox 938 3219 1255 3282; x_wconf 85' lang='lat' dir='ltr'><strong>Demetrio</strong></span> <span class='ocrx_word' id='word_1_213' title='bbox 1274 3221 1626 3282; x_wconf 86' lang='lat' dir='ltr'><strong>societatem</strong></span> <span class='ocrx_word' id='word_1_214' title='bbox 1657 3221 2104 3300; x_wconf 77' lang='lat' dir='ltr'><strong>amicitiamque</strong></span> 
     </span>
     <span class='ocr_line' id='line_1_29' title="bbox 190 3315 2104 3400; baseline -0.002 -20"><span class='ocrx_word' id='word_1_215' title='bbox 190 3319 419 3398; x_wconf 71' lang='lat' dir='ltr'><strong>pnngit.</strong></span> <span class='ocrx_word' id='word_1_216' title='bbox 504 3317 807 3379; x_wconf 85' lang='lat' dir='ltr'><strong>Habebat</strong></span> <span class='ocrx_word' id='word_1_217' title='bbox 828 3320 965 3399; x_wconf 81' lang='lat' dir='ltr'><strong>jam</strong></span> <span class='ocrx_word' id='word_1_218' title='bbox 1002 3319 1065 3380; x_wconf 87' lang='lat' dir='ltr'><strong>in</strong></span> <span class='ocrx_word' id='word_1_219' title='bbox 1106 3325 1407 3400; x_wconf 83' lang='lat' dir='ltr'><strong>potestate</strong></span> <span class='ocrx_word' id='word_1_220' title='bbox 1446 3326 1638 3380; x_wconf 90' lang='lat' dir='ltr'><strong>totam</strong></span> <span class='ocrx_word' id='word_1_221' title='bbox 1681 3337 1851 3380; x_wconf 85' lang='lat' dir='ltr'><strong>oram</strong></span> <span class='ocrx_word' id='word_1_222' title='bbox 1874 3315 2104 3378; x_wconf 85' lang='lat' dir='ltr'><strong>mariti·</strong></span> 
     </span>
     <span class='ocr_line' id='line_1_30' title="bbox 188 3414 2362 3498; baseline 0 -22"><span class='ocrx_word' id='word_1_223' title='bbox 188 3431 368 3486; x_wconf 78' lang='lat' dir='ltr'><strong>mam,</strong></span> <span class='ocrx_word' id='word_1_224' title='bbox 388 3414 473 3476; x_wconf 87' lang='lat' dir='ltr'><strong>ad</strong></span> <span class='ocrx_word' id='word_1_225' title='bbox 500 3414 839 3476; x_wconf 84' lang='lat' dir='ltr'><strong>Seleuciam</strong></span> <span class='ocrx_word' id='word_1_226' title='bbox 864 3435 1073 3498; x_wconf 81' lang='lat' dir='ltr'><strong>usqae,</strong></span> <span class='ocrx_word' id='word_1_227' title='bbox 1094 3433 1273 3497; x_wconf 83' lang='lat' dir='ltr'><strong>quam</strong></span> <span class='ocrx_word' id='word_1_228' title='bbox 1296 3424 1692 3496; x_wconf 78' lang='lat' dir='ltr'><strong>cognomento</strong></span> <span class='ocrx_word' id='word_1_229' title='bbox 1711 3415 1986 3476; x_wconf 86' lang='lat' dir='ltr'><strong>Pieriam</strong></span> <span class='ocrx_word' id='word_1_230' title='bbox 2001 3433 2103 3474; x_wconf 81' lang='lat' dir='ltr'><strong>vo-</strong></span> <span class='ocrx_word' id='word_1_231' title='bbox 2127 3425 2362 3477; x_wconf 59' lang='lat' dir='ltr'><strong>Manlum.</strong></span> 
     </span>
     <span class='ocr_line' id='line_1_31' title="bbox 188 3509 2432 3596; baseline 0 -23"><span class='ocrx_word' id='word_1_232' title='bbox 188 3525 347 3574; x_wconf 80' lang='lat' dir='ltr'><strong>caut.</strong></span> <span class='ocrx_word' id='word_1_233' title='bbox 434 3511 593 3574; x_wconf 87' lang='lat' dir='ltr'><strong>Inde</strong></span> <span class='ocrx_word' id='word_1_234' title='bbox 633 3513 1049 3575; x_wconf 81' lang='lat' dir='ltr'><strong>Antiochenos</strong></span> <span class='ocrx_word' id='word_1_235' title='bbox 1078 3511 1407 3586; x_wconf 77' lang='lat' dir='ltr'><strong>solicitam,</strong></span> <span class='ocrx_word' id='word_1_236' title='bbox 1441 3521 1507 3575; x_wconf 90' lang='lat' dir='ltr'><strong>et</strong></span> <span class='ocrx_word' id='word_1_237' title='bbox 1546 3515 1708 3596; x_wconf 88' lang='lat' dir='ltr'><strong>ipsos</strong></span> <span class='ocrx_word' id='word_1_238' title='bbox 1743 3509 2105 3574; x_wconf 88' lang='lat' dir='ltr'><strong>Alexandro</strong></span> <span class='ocrx_word' id='word_1_239' title='bbox 2128 3524 2257 3574; x_wconf 79' lang='lat' dir='ltr'><strong>Plin.</strong></span> <span class='ocrx_word' id='word_1_240' title='bbox 2277 3539 2330 3575; x_wconf 78' lang='lat' dir='ltr'><strong>v.</strong></span> <span class='ocrx_word' id='word_1_241' title='bbox 2351 3529 2432 3576; x_wconf 85' lang='grc' dir='ltr'><strong>ιι.</strong></span> 
     </span>
     <span class='ocr_line' id='line_1_32' title="bbox 190 3589 2332 3694; baseline 0 -25"><span class='ocrx_word' id='word_1_242' title='bbox 190 3611 371 3672; x_wconf 81' lang='lat' dir='ltr'><strong>iratos</strong></span> <span class='ocrx_word' id='word_1_243' title='bbox 386 3611 473 3672; x_wconf 90' lang='lat' dir='ltr'><strong>ob</strong></span> <span class='ocrx_word' id='word_1_244' title='bbox 498 3610 729 3672; x_wconf 87' lang='lat' dir='ltr'><strong>scelera</strong></span> <span class='ocrx_word' id='word_1_245' title='bbox 753 3611 1089 3685; x_wconf 84' lang='lat' dir='ltr'><strong>Ammonii,</strong></span> <span class='ocrx_word' id='word_1_246' title='bbox 1106 3613 1168 3672; x_wconf 89' lang='lat' dir='ltr'><strong>in</strong></span> <span class='ocrx_word' id='word_1_247' title='bbox 1194 3619 1399 3694; x_wconf 86' lang='lat' dir='ltr'><strong>partes</strong></span> <span class='ocrx_word' id='word_1_248' title='bbox 1419 3631 1559 3672; x_wconf 86' lang='lat' dir='ltr'><strong>suas</strong></span> <span class='ocrx_word' id='word_1_249' title='bbox 1577 3609 1848 3672; x_wconf 85' lang='lat' dir='ltr'><strong>attrahit.</strong></span> <span class='ocrx_word' id='word_1_250' title='bbox 1919 3609 2104 3669; x_wconf 85' lang='lat' dir='ltr'><strong>Com·</strong></span> <span class='ocrx_word' id='word_1_251' title='bbox 2126 3589 2332 3656; x_wconf 62' lang='lat' dir='ltr'><strong>³⁰³⁹P¹¹⁰</strong></span> 
     </span>
     <span class='ocr_line' id='line_1_33' title="bbox 190 3705 2108 3792; baseline -0.003 -22"><span class='ocrx_word' id='word_1_252' title='bbox 190 3710 436 3770; x_wconf 86' lang='lat' dir='ltr'><strong>modum</strong></span> <span class='ocrx_word' id='word_1_253' title='bbox 454 3709 667 3770; x_wconf 84' lang='lat' dir='ltr'><strong>aberat</strong></span> <span class='ocrx_word' id='word_1_254' title='bbox 683 3729 823 3771; x_wconf 84' lang='lat' dir='ltr'><strong>cum</strong></span> <span class='ocrx_word' id='word_1_255' title='bbox 840 3709 1073 3772; x_wconf 85' lang='lat' dir='ltr'><strong>meliori</strong></span> <span class='ocrx_word' id='word_1_256' title='bbox 1096 3717 1269 3792; x_wconf 87' lang='lat' dir='ltr'><strong>parte</strong></span> <span class='ocrx_word' id='word_1_257' title='bbox 1288 3709 1597 3791; x_wconf 88' lang='lat' dir='ltr'><strong>copiarum</strong></span> <span class='ocrx_word' id='word_1_258' title='bbox 1635 3705 2015 3777; x_wconf 86' lang='lat' dir='ltr'><strong>Alexander,</strong></span> <span class='ocrx_word' id='word_1_259' title='bbox 2037 3714 2108 3766; x_wconf 88' lang='lat' dir='ltr'><strong>ut</strong></span> 
     </span>
     <span class='ocr_line' id='line_1_34' title="bbox 192 3803 2105 3889; baseline -0.002 -23"><span class='ocrx_word' id='word_1_260' title='bbox 192 3805 459 3869; x_wconf 83' lang='lat' dir='ltr'><strong>Cilicum</strong></span> <span class='ocrx_word' id='word_1_261' title='bbox 483 3805 821 3880; x_wconf 85' lang='lat' dir='ltr'><strong>nonnullos,</strong></span> <span class='ocrx_word' id='word_1_262' title='bbox 846 3807 954 3889; x_wconf 85' lang='lat' dir='ltr'><strong>qui</strong></span> <span class='ocrx_word' id='word_1_263' title='bbox 986 3805 1361 3880; x_wconf 82' lang='lat' dir='ltr'><strong>defecerant,</strong></span> <span class='ocrx_word' id='word_1_264' title='bbox 1391 3805 1473 3868; x_wconf 88' lang='lat' dir='ltr'><strong>ad</strong></span> <span class='ocrx_word' id='word_1_265' title='bbox 1507 3803 1770 3868; x_wconf 82' lang='lat' dir='ltr'><strong>officium</strong></span> <span class='ocrx_word' id='word_1_266' title='bbox 1799 3805 1978 3866; x_wconf 88' lang='lat' dir='ltr'><strong>armis</strong></span> <span class='ocrx_word' id='word_1_267' title='bbox 2011 3823 2105 3864; x_wconf 82' lang='lat' dir='ltr'><strong>re·</strong></span> 
     </span>
     <span class='ocr_line' id='line_1_35' title="bbox 190 3902 2104 3974; baseline -0.003 -8"><span class='ocrx_word' id='word_1_268' title='bbox 190 3913 459 3967; x_wconf 82' lang='lat' dir='ltr'><strong>vocaret.</strong></span> <span class='ocrx_word' id='word_1_269' title='bbox 543 3903 647 3966; x_wconf 82' lang='lat' dir='ltr'><strong>Ita</strong></span> <span class='ocrx_word' id='word_1_270' title='bbox 692 3903 973 3966; x_wconf 83' lang='lat' dir='ltr'><strong>licentius</strong></span> <span class='ocrx_word' id='word_1_271' title='bbox 1024 3905 1395 3967; x_wconf 86' lang='lat' dir='ltr'><strong>mutantibus</strong></span> <span class='ocrx_word' id='word_1_272' title='bbox 1446 3903 1630 3966; x_wconf 85' lang='lat' dir='ltr'><strong>fidem</strong></span> <span class='ocrx_word' id='word_1_273' title='bbox 1680 3902 2104 3974; x_wconf 83' lang='lat' dir='ltr'><strong>Antiochenis‚</strong></span> 
     </span>
     <span class='ocr_line' id='line_1_36' title="bbox 196 3999 2105 4085; baseline -0.002 -20"><span class='ocrx_word' id='word_1_274' title='bbox 196 3999 557 4065; x_wconf 83' lang='lat' dir='ltr'><strong>Ammonius</strong></span> <span class='ocrx_word' id='word_1_275' title='bbox 597 4003 661 4064; x_wconf 90' lang='lat' dir='ltr'><strong>in</strong></span> <span class='ocrx_word' id='word_1_276' title='bbox 706 4001 987 4065; x_wconf 86' lang='lat' dir='ltr'><strong>muliebri</strong></span> <span class='ocrx_word' id='word_1_277' title='bbox 1034 4001 1214 4077; x_wconf 83' lang='lat' dir='ltr'><strong>stola,</strong></span> <span class='ocrx_word' id='word_1_278' title='bbox 1259 4023 1445 4085; x_wconf 87' lang='lat' dir='ltr'><strong>quam</strong></span> <span class='ocrx_word' id='word_1_279' title='bbox 1490 4002 1572 4065; x_wconf 87' lang='lat' dir='ltr'><strong>ad</strong></span> <span class='ocrx_word' id='word_1_280' title='bbox 1610 3999 2105 4064; x_wconf 85' lang='lat' dir='ltr'><strong>dissimulandam</strong></span> 
     </span>
     <span class='ocr_line' id='line_1_37' title="bbox 192 4097 2400 4182; baseline -0.003 -20"><span class='ocrx_word' id='word_1_281' title='bbox 192 4120 503 4182; x_wconf 82' lang='lat' dir='ltr'><strong>personam</strong></span> <span class='ocrx_word' id='word_1_282' title='bbox 544 4101 842 4174; x_wconf 88' lang='lat' dir='ltr'><strong>induerat,</strong></span> <span class='ocrx_word' id='word_1_283' title='bbox 866 4100 1257 4162; x_wconf 84' lang='lat' dir='ltr'><strong>interficitur:</strong></span> <span class='ocrx_word' id='word_1_284' title='bbox 1300 4119 1455 4163; x_wconf 88' lang='lat' dir='ltr'><strong>uxor</strong></span> <span class='ocrx_word' id='word_1_285' title='bbox 1498 4099 1842 4162; x_wconf 86' lang='lat' dir='ltr'><strong>Alexandri</strong></span> <span class='ocrx_word' id='word_1_286' title='bbox 1878 4097 1960 4160; x_wconf 88' lang='lat' dir='ltr'><strong>ad</strong></span> <span class='ocrx_word' id='word_1_287' title='bbox 1995 4117 2104 4179; x_wconf 82' lang='lat' dir='ltr'><strong>pa-</strong></span> <span class='ocrx_word' id='word_1_288' title='bbox 2129 4101 2400 4182; x_wconf 39' lang='lat' dir='ltr'><strong>Ian-Epis</strong></span> 
     </span>
     <span class='ocr_line' id='line_1_38' title="bbox 194 4171 2439 4285; baseline -0.001 -25"><span class='ocrx_word' id='word_1_289' title='bbox 194 4207 341 4260; x_wconf 82' lang='lat' dir='ltr'><strong>trem</strong></span> <span class='ocrx_word' id='word_1_290' title='bbox 368 4197 549 4270; x_wconf 88' lang='lat' dir='ltr'><strong>redit,</strong></span> <span class='ocrx_word' id='word_1_291' title='bbox 574 4200 897 4280; x_wconf 87' lang='lat' dir='ltr'><strong>statimque</strong></span> <span class='ocrx_word' id='word_1_292' title='bbox 918 4197 1235 4260; x_wconf 87' lang='lat' dir='ltr'><strong>Demetrio</strong></span> <span class='ocrx_word' id='word_1_293' title='bbox 1260 4200 1321 4259; x_wconf 87' lang='lat' dir='ltr'><strong>in</strong></span> <span class='ocrx_word' id='word_1_294' title='bbox 1340 4199 1782 4260; x_wconf 84' lang='lat' dir='ltr'><strong>matrimonium</strong></span> <span class='ocrx_word' id='word_1_295' title='bbox 1799 4195 2077 4259; x_wconf 85' lang='lat' dir='ltr'><strong>traditur.</strong></span> <span class='ocrx_word' id='word_1_296' title='bbox 2125 4171 2439 4285; x_wconf 52' lang='lat' dir='ltr'><strong>ffllgffgfffv‘</strong></span> 
     </span>
    </p>

    <p class='ocr_par' dir='ltr' id='par_1_8' title="bbox 271 4293 2335 4378">
     <span class='ocr_line' id='line_1_39' title="bbox 271 4293 2335 4378; baseline -0.002 -22"><span class='ocrx_word' id='word_1_297' title='bbox 271 4303 376 4356; x_wconf 82' lang='lat'><strong>41.</strong></span> <span class='ocrx_word' id='word_1_298' title='bbox 417 4295 791 4358; x_wconf 72' lang='lat' dir='ltr'><strong>Ptolemaeus</strong></span> <span class='ocrx_word' id='word_1_299' title='bbox 816 4295 1203 4358; x_wconf 84' lang='lat' dir='ltr'><strong>Antiochiam</strong></span> <span class='ocrx_word' id='word_1_300' title='bbox 1237 4296 1552 4376; x_wconf 80' lang='lat' dir='ltr'><strong>ingressus,</strong></span> <span class='ocrx_word' id='word_1_301' title='bbox 1582 4317 1622 4358; x_wconf 98' lang='lat' dir='ltr'><strong>a</strong></span> <span class='ocrx_word' id='word_1_302' title='bbox 1647 4295 1868 4378; x_wconf 85' lang='lat' dir='ltr'><strong>populo</strong></span> <span class='ocrx_word' id='word_1_303' title='bbox 1901 4293 2104 4354; x_wconf 85' lang='lat' dir='ltr'><strong>militi·</strong></span> <span class='ocrx_word' id='word_1_304' title='bbox 2126 4299 2335 4366; x_wconf 77' lang='lat' dir='ltr'><strong>Joseph.</strong></span> 
     </span>
    </p>
   </div>
   <div class='ocr_carea' id='block_1_3' title="bbox 196 4389 2106 4474">
    <p class='ocr_par' dir='ltr' id='par_1_9' title="bbox 196 4389 2106 4474">
     <span class='ocr_line' id='line_1_40' title="bbox 196 4389 2106 4474; baseline -0.001 -22"><span class='ocrx_word' id='word_1_305' title='bbox 196 4391 421 4474; x_wconf 75' lang='lat' dir='ltr'><strong>bmque</strong></span> <span class='ocrx_word' id='word_1_306' title='bbox 446 4413 554 4454; x_wconf 86' lang='lat' dir='ltr'><strong>rex</strong></span> <span class='ocrx_word' id='word_1_307' title='bbox 577 4391 771 4474; x_wconf 75' lang='lat' dir='ltr'><strong>Syriae</strong></span> <span class='ocrx_word' id='word_1_308' title='bbox 793 4391 1110 4466; x_wconf 86' lang='lat' dir='ltr'><strong>salutatur,</strong></span> <span class='ocrx_word' id='word_1_309' title='bbox 1135 4401 1197 4454; x_wconf 90' lang='lat' dir='ltr'><strong>et</strong></span> <span class='ocrx_word' id='word_1_310' title='bbox 1220 4393 1495 4454; x_wconf 88' lang='lat' dir='ltr'><strong>omnibus</strong></span> <span class='ocrx_word' id='word_1_311' title='bbox 1510 4411 1728 4472; x_wconf 77' lang='lat' dir='ltr'><strong>magno</strong></span> <span class='ocrx_word' id='word_1_312' title='bbox 1751 4389 1948 4454; x_wconf 86' lang='lat' dir='ltr'><strong>studio</strong></span> <span class='ocrx_word' id='word_1_313' title='bbox 1973 4400 2106 4451; x_wconf 86' lang='lat' dir='ltr'><strong>ten-</strong></span> 
     </span>
    </p>
   </div>
  </div>
 </body>
</html>
