3225 5242
791 598 1002 647 mum
1056 598 1252 649 nxn.
1297 600 1951 653 surrnnuun'ruu.
2162 664 2170 679 t
2299 590 2473 657 4221

255 738 435 801 larem
475 740 658 800 animi
703 740 1168 821 magnitudinem
1204 742 1585 816 adhibuisset,
1624 764 1743 805 uon
1773 744 2057 805 minorem
2088 744 2147 804 in

251 846 428 917 capta
449 836 774 899 ostendisse
799 837 1036 899 dicitur.
1122 840 1368 921 Quippe
1394 842 1629 902 veniam
1654 842 1857 903 delicti
1880 844 2151 902 omnibus

253 932 452 993 dedit:
493 944 706 1003 natura
730 934 888 995 mitis
913 954 986 996 ac
1009 934 1302 1017 placidus,
1327 947 1389 998 et
1413 938 1474 997 in
1495 957 1805 1017 congressu
1834 956 1905 999 ac
1931 958 2150 998 sermo-

251 1030 424 1090 nibus
449 1032 657 1103 comis,
693 1022 882 1113 eoque
917 1032 1278 1093 multitudini
1308 1052 1604 1115 percarus,
1646 1035 1757 1094 nisi
1793 1034 1954 1115 quod
1980 1034 2151 1097 incli-

253 1134 428 1187 nante
463 1127 700 1189 fortuna
743 1128 902 1209 apud
941 1129 1104 1191 leves
1129 1128 1353 1192 animos
1385 1131 1586 1190 omnia
1609 1132 1883 1211 praesenti
1908 1132 2153 1191 utilitati

252 1231 696 1305 postponuntur.
779 1225 972 1304 Igitur
1004 1246 1142 1287 cum
1183 1226 1492 1307 aliquanto
1533 1235 1690 1308 post,
1734 1226 1973 1287 collatis
2014 1248 2153 1289 cum

253 1317 464 1401 Grypo
501 1322 706 1400 signis,
747 1341 963 1401 magna
1002 1342 1202 1403 pugna
1244 1323 1442 1384 victus
1481 1332 1657 1397 esset,
1682 1325 1881 1383 statim
1908 1322 1984 1383 de
2009 1323 2153 1403 fuga
2204 1345 2404 1411 Jooeph.

249 1416 308 1475 in
337 1416 642 1477 Graeciam
667 1420 930 1497 cogitare
953 1420 1153 1500 coepit,
1186 1418 1347 1499 quod
1383 1420 1613 1479 imbelli
1646 1418 1821 1481 simul
1848 1418 2149 1502 infidoque
2173 1416 2409 1525 333¹?-

251 1512 472 1595 populo
515 1514 762 1575 salutem
808 1536 975 1575 suam
1020 1516 1258 1577 credere
1303 1537 1422 1577 uon
1463 1515 1743 1579 audebat.
1812 1539 1819 1547 ·

329 1616 432 1671 32.
475 1610 638 1673 Haec
663 1614 909 1692 agitanti
928 1633 1064 1674 cum
1097 1612 1247 1674 nihil
1290 1634 1647 1696 magnopere
1692 1614 1857 1675 aliud
1884 1616 2149 1697 proposi-

248 1716 374 1767 tum
421 1718 595 1782 esset,
635 1730 815 1791 quam
839 1710 1138 1792 quomodo
1174 1709 1492 1792 plurimum
1533 1713 1801 1792 pecuniae
1841 1712 2151 1793 deportare

243 1824 446 1865 secum
471 1817 705 1888 posset3
749 1809 1088 1890 compilatis
1123 1809 1298 1889 regiis
1323 1809 1635 1879 thesauris,
1674 1809 1855 1870 etiam
1884 1808 2149 1871 Deorum

245 1901 508 1964 donariis
556 1906 778 1985 adjecit
828 1926 1056 1967 manus.
1140 1905 1218 1965 In
1259 1906 1485 1988 templo
1537 1905 1580 1965 J
1581 1907 1711 1967 ovis
1761 1906 2149 1978 Antiocheui,
2175 1924 2356 1976 suan,

245 2022 428 2081 quam
473 2003 532 2062 in
575 2005 783 2087 urbem
821 2024 898 2065 ex
937 2005 1184 2066 adversa
1223 2024 1422 2085 pugna
1446 2024 1510 2064 se
1551 2013 1876 2085 receperat,
1922 2006 2153 2083 signum

243 2106 372 2157 erat
399 2098 691 2160 Victoriae
718 2120 796 2161 ex
824 2119 969 2162 auro
993 2100 1268 2161 solidum.
1355 2098 1434 2160 Id
1459 2121 1566 2182 per
1590 2120 1832 2160 causam
1865 2100 2150 2182 stipendi-

243 2214 436 2268 orum,
478 2216 612 2276 quoe
657 2198 948 2259 militibus
997 2196 1239 2259 aliunde
1291 2198 1623 2279 persolvere
1676 2198 1967 2278 nequiret,
2018 2196 2152 2257 tolli

234 2292 440 2371 jussit,
469 2303 488 2331 ‘
519 2294 856 2356 Victoriam
875 2297 988 2357 sibi
1017 2298 1096 2357 ab
1121 2295 1276 2357 Jove
1301 2295 1664 2357 commodari
1682 2296 1701 2325 ’
1727 2294 2027 2357 dictitans.

323 2397 427 2453 88.
472 2391 691 2454 Stabat
714 2403 776 2454 et
813 2396 938 2475 ipse
963 2394 1200 2475 Jupiter
1225 2405 1456 2463 aureuS,
1486 2391 1891 2471 magnitudine
1916 2392 2147 2453 cubito·
2193 2402 2381 2454 Amob.
2404 2420 2477 2455 vx.

239 2508 370 2552 rum
398 2490 758 2569 quindecim,
786 2500 849 2553 et
873 2494 1010 2553 hinc
1036 2512 1295 2573 quoque,
1333 2499 1402 2551 ut
1423 2488 1514 2561 fit,
1539 2492 1765 2568 majore
1790 2488 1955 2569 vulgi
1982 2490 2147 2549 cultu
2174 2470 2365 2582 ⁶30¹„-

237 2587 590 2649 celebratus.
676 2590 881 2657 Quare
930 2600 1198 2653 metuens
1241 2609 1316 2649 ne
1365 2587 1566 2647 Graeci
1606 2588 1825 2648 milites
1866 2587 2149 2665 religione
2171 2596 2314 2648 Alex.
2336 2598 2389 2645 in

239 2682 689 2759 deterrerentur,
709 2706 846 2748 cum
879 2688 1141 2749 externis
1165 2684 1518 2767 quibusdam
1547 2682 1817 2763 (Judaeos
1840 2683 2017 2744 fiiisse
2042 2704 2145 2748 ve·
2172 2661 2385 2777 323⁰·
2410 2661 2475 2711 *α

239 2781 500 2843 rosimile
525 2792 635 2855 est,
664 2805 912 2865 quorum
937 2786 1212 2867 princeps
1236 2782 1596 2844 Alexandro
1622 2782 1816 2842 socius
1839 2790 1901 2841 et
1927 2781 2149 2842 amicus
2171 2792 2377 2856 Joseph.

239 2888 394 2951 αα,
437 2890 734 2943 contemtu
779 2892 843 2943 et
881 2883 1022 2944 odio
1061 2881 1496 2964 peregrinorum
1547 2900 1844 2941 sacrorum
1886 2880 2149 2939 omnium

237 2994 361 3057 prae
389 2980 600 3040 ceteris
624 2979 703 3040 ad
727 2980 1017 3060 sacrilegii
1043 2978 1422 3041 ministerium
1447 2977 1721 3054 idoneos)
1748 2974 1985 3035 silentio
2010 2995 2151 3035 noc-

237 3076 314 3135 tis
351 3096 628 3139 amovere
653 3078 1032 3139 simulacrum
1059 3095 1362 3157 aggressus
1385 3082 1492 3135 est.
1579 3072 1703 3133 Sed
1727 3092 1791 3133 re
1824 3072 2148 3153 patefacta,
2174 3086 2325 3137 Diod.

239 3172 300 3232 iu
345 3182 570 3235 conatu
617 3175 1034 3258 deprehensus,
1076 3192 1360 3237 concursu
1404 3168 1800 3232 multitudiuis
1847 3169 1971 3229 fere
2009 3188 2147 3228 cum
2172 3183 2361 3235 πωπω.

239 3272 399 3331 omni
425 3272 696 3334 exercitu
723 3272 1115 3334 internecione
1133 3290 1323 3333 cresus
1346 3276 1516 3329 esset.
2072 3266 2077 3275 '

320 3374 423 3429 84.
471 3368 731 3451 Elapsus
764 3378 964 3431 tamen
1007 3389 1144 3431 cum
1185 3366 1425 3429 modica
1465 3384 1667 3436 manu,
1694 3361 1999 3425 contendit
2038 3358 2147 3421 Se·
2172 3378 2324 3432 Diod.

235 3463 517 3540 leucium,
559 3488 678 3548 quo
698 3469 835 3548 jam
859 3466 1021 3527 sama
1041 3485 1242 3526 eorum
1268 3484 1403 3545 quae
1427 3470 1596 3523 eraut
1614 3460 1962 3521 Antiochiae
1986 3468 2152 3539 gesta

236 3574 625 3643 praevenerat.
710 3564 908 3645 Igitur
947 3564 1224 3625 exclusus
1258 3581 1298 3623 a
1335 3559 1808 3629 Seleucensibus,
1836 3554 2150 3616 Posidium

237 3662 412 3742 petit,
441 3682 730 3742 nusquam
750 3683 789 3722 a
813 3662 1109 3723 maritima
1131 3678 1238 3721 ora
1259 3657 1560 3719 recedens.
1645 3654 1767 3715 Sed
1798 3652 2011 3713 infelix
2036 3650 2147 3711 mi-

235 3776 370 3818 sero
389 3757 536 3837 fuga
558 3758 709 3819 fuit:
752 3778 870 3819 non
899 3756 1234 3818 homiuibus
1251 3754 1454 3826 modo,
1479 3770 1685 3813 verum
1702 3750 1907 3822 etiam,
1934 3758 2001 3809 ut
2023 3767 2149 3808 cre-

231 3852 429 3915 ditum
453 3862 566 3927 est,
605 3853 743 3915 Diis
766 3853 1230 3915 adversantibus.
1311 3847 1513 3911 Plane
1538 3838 1885 3928 quasi'Jove
1905 3844 2153 3924 injurias
2172 3867 2353 3918 sustin.

233 3970 375 4013 siras
399 3950 808 4033 persequente,
833 3938 1050 4030 magna
1073 3950 1136 4010 vi
1173 3946 1542 4027 tempestatis
1573 3962 1909 4024 oppressuS,
1931 3937 2149 3999 deinde

233 4066 274 4109 a
295 4048 423 4109 suis
441 4046 742 4117 desertus:
785 4046 929 4108 dum
957 4048 1016 4106 in
1043 4045 1191 4105 locis
1214 4042 1494 4105 solitariis
1513 4058 1821 4101 occursum
1844 4036 2145 4095 hominum

233 4143 607 4214 vitabundus
645 4145 901 4214 oberrat,
936 4160 974 4203 a
1009 4140 1334 4203 latronibus
1369 4136 1639 4219 capitur:
1685 4134 2059 4211 agnitusque,
2086 4138 2149 4189 et

233 4240 317 4301 ad
347 4238 628 4321 Grypum
653 4238 992 4323 perductus,
1015 4234 1380 4298 interficitur.
1441 4232 1604 4293 Haec
1632 4229 1777 4289 mihi
1794 4228 1987 4289 verior
2012 4244 2145 4286 nar·
2169 4264 2347 4314 Euseb.

233 4336 393 4397 ratio
417 4337 582 4398 visa:
625 4356 964 4417 quanquam
985 4334 1090 4395 alii
1116 4343 1390 4394 auctores
1413 4337 1572 4402 sunt,
1598 4324 1778 4389 taedio
1796 4322 1974 4387 malae
1998 4342 2143 4407 pug-
2169 4328 2327 4443 esrai}

233 4452 330 4493 uae
357 4441 608 4495 mortem
633 4434 746 4494 sibi
772 4452 1002 4495 veneno
1028 4429 1402 4493 conscivisse.
2167 4462 2286 4512 w·
2328 4410 2374 4459 Β·
2394 4408 2447 4459 Ρ·

2188 4198 2367 4263 Porph.
2386 4215 2471 4267 ap.
2552 4236 2561 4248 .
