3225 5242
781 569 983 619 unm
1038 565 1255 617 axvi.
1300 564 1947 616 sutanum-run.
2285 542 2462 613 4809

190 792 197 801 Ι
232 730 371 773 cum
396 708 693 794 expeditis
714 708 1050 773 cohortibus
1068 718 1131 771 et
1156 719 1323 792 parte
1348 710 1648 791 equitatus
1671 702 2137 791 profectus,'tur-

232 811 344 869 rim
372 812 615 889 reg-iam,
650 812 711 869 in
736 830 861 891 qua
884 810 1179 889 Jugurtba
1204 808 1478 890 perfugas
1498 826 1704 868 omnes
1727 804 2000 888 prasidio
2025 806 2136 865 im«

232 917 531 987 posuerat,
552 907 881 968 obsidebat.
1720 933 1730 943 κ

314 1010 419 1067 33.
464 1005 709 1065 Interim
744 1004 923 1087 Sylla
952 1000 1183 1085 legatos
1214 1000 1441 1065 Bocchi
1465 1001 1882 1063 humanissime
1914 999 2132 1077 libera·

232 1101 571 1182 lissimeque
596 1110 900 1183 exceptos,
930 1102 1045 1161 hac
1069 1103 1345 1182 opinione
1370 1100 1606 1171 imbuit,
1635 1109 1704 1160 ut
1725 1108 1788 1159 et
1810 1098 2030 1159 famam
2055 1097 2132 1157 de

232 1200 489 1259 avaritia
514 1198 926 1260 Romanorum
950 1197 1188 1267 falsam,
1226 1207 1287 1258 et
1318 1206 1672 1277 quaestorem
1703 1195 1820 1255 sibi
1851 1195 2134 1255 amicissi-

230 1296 399 1357 inum
434 1297 874 1357 arbitrarentur.
960 1291 1119 1377 Ipsis
1142 1298 1301 1355 enim
1324 1294 1454 1354 dari
1480 1294 1796 1375 putabant,
1821 1290 1984 1373 quod
2009 1310 2132 1352 arn-

230 1393 447 1470 bitioni
483 1414 606 1455 suae
650 1394 825 1476 Sylla
858 1394 1180 1465 tribuebat,
1208 1401 1277 1453 ut
1318 1412 1397 1453 ex
1439 1391 1702 1473 oppressi
1736 1389 1996 1451 deditlve
2021 1388 2062 1449 J
2067 1408 2132 1449 u·-

230 1486 459 1569 ‘gurthae
504 1492 691 1571 gloria
728 1490 1225 1573 quamplurimum
1275 1490 1390 1549 sibi
1432 1488 1792 1570 decerperet.
1875 1484 1998 1547 Sed
2043 1486 2135 1545 illi

228 1587 527 1649 beneficio
564 1590 729 1660 victi,
762 1588 907 1669 quid
940 1591 999 1649 in
1026 1586 1325 1649 mandatis
1347 1587 1656 1659 baberent,
1690 1594 1922 1647 secreto
1944 1602 2132 1664 expo-

220 1694 401 1756 nunt,
426 1703 601 1766 opem
626 1686 1057 1767 consiliumque
1076 1686 1215 1747 tslis
1232 1686 1349 1747 viri
1374 1694 1648 1767 poscunt,
1674 1683 1828 1763 regis
1851 1682 1942 1743 sui
1967 1698 2133 1760 mag-

226 1781 581 1855 nitudinem,
620 1792 684 1843 et
724 1782 869 1855 alia,
910 1784 1131 1865 quibus
1162 1782 1363 1843 induci
1408 1802 1543 1843 eum
1578 1800 1752 1864 posse
1785 1778 2133 1849 eredebant,

224 1878 547 1959 magnifice
578 1880 998 1963 depraedicant.
1082 1880 1260 1963 Sylla
1298 1882 1553 1961 benigno
1590 1864 1890 1961 responso,
1913 1876 2134 1959 quibus

224 1977 393 2057 apud
416 1978 677 2039 Marium
700 1981 920 2051 verbis,
943 1976 1161 2061 quibus
1186 1980 1245 2039 in
1270 1988 1479 2039 senatu
1503 1986 1828 2047 uterentur,
1843 1975 2131 2058 pracipit,

156 2108 167 2123 -
222 2076 317 2135 sic
351 2084 765 2158 attemperans,
808 2079 898 2138 uti
928 2078 1009 2138 ad
1040 2094 1213 2139 suum
1253 2078 1676 2137 incrementum
1709 2074 1970 2135 maxime
1993 2094 2130 2155 pro·

222 2170 465 2233 sectura
492 2173 829 2253 judicabat.
910 2175 1034 2237 Sed
1058 2185 1121 2237 et
1154 2176 1281 2279 regi
1314 2173 1648 2257 persuaderi
1672 2174 1875 2253 jubet,
1901 2172 1953 2231 si
1977 2172 2128 2232 bene
2152 2180 2366 2249 Appiam.

222 2280 601 2351 prospectum
626 2275 746 2335 suis
766 2274 941 2335 rebus
964 2274 1137 2348 velit,
1166 2273 1405 2356 Syllam
1424 2272 1505 2333 ad
1522 2272 1725 2333 omnia
1741 2269 2130 2333 consultorem

224 2367 539 2431 adhibeat.
618 2424 623 2431 .

310 2472 413 2527 34.
454 2466 596 2527 Jam
645 2468 1159 2549 quadragesimum
1206 2468 1391 2530 ferme
1438 2467 1600 2529 diem
1649 2466 2128 2549 opperiebantur,
2151 2464 2270 2517 8⁸¹¹·

214 2579 367 2623 cum
398 2557 629 2625 Marius
654 2566 731 2625 ab
756 2566 1135 2647 expeditione
1160 2568 1335 2627 rebus
1360 2564 1596 2626 infectis
1623 2564 1853 2625 Cirtam
1875 2558 2128 2631 rediens,

220 2660 534 2722 intellecto
564 2662 908 2723 Maurorum
936 2662 1218 2735 adventu,
1256 2665 1416 2745 ipsos
1438 2660 1794 2744 Syllamque
1826 2658 2024 2721 venire
2048 2656 2128 2717 ad

220 2776 291 2817 se
308 2759 528 2836 jubet:
558 2768 806 2821 evocato
830 2760 1009 2821 etiam
1032 2760 1113 2820 ab
1142 2758 1332 2821 Utica
1354 2770 1613 2842 proetore‘
1633 2758 1704 2819 L.
1745 2755 2042 2826 Bellieno,
2069 2763 2133 2814 et

222 2864 516 2934 praeterea
548 2856 909 2939 quicumque
942 2858 1221 2918 senaton'i
1260 2856 1479 2917 ordinis
1512 2858 1573 2916 in
1605 2851 1826 2915 Africa
1852 2854 2130 2933 agebant.

224 2952 307 3013 In
334 2954 449 3014 hoc
483 2954 733 3015 consilio
768 2954 975 3017 audita
1012 2954 1243 3017 Bocchi
1282 2953 1599 3035 legatione,
1627 2952 1837 3031 legatis
1871 2958 2130 3032 potesta-

220 3060 347 3109 tem
374 3048 781 3131 proficiscendi
808 3050 1093 3124 Romam,
1121 3062 1205 3125 et,
1230 3052 1419 3114 donec
1440 3052 1529 3112 ini
1542 3050 1936 3119 revertissent,
1958 3045 2130 3107 indu-

216 3146 351 3206 cias
390 3147 513 3225 regi
558 3148 838 3227 permitti,
879 3157 1015 3229 post
1055 3149 1319 3230 aliquam
1358 3148 1846 3230 disceptationem
1883 3144 2129 3227 placuit.

220 3240 375 3303 Tres
397 3262 475 3303 ex
500 3262 744 3304 numero
774 3242 1125 3323 legatorum,
1160 3262 1295 3306 cum
1323 3242 1399 3305 C.
1430 3245 1692 3305 Octavio
1715 3243 1988 3314 Rusone,
2023 3242 2128 3322 qui

216 3338 587 3419 stipendium
610 3355 689 3401 ex
714 3342 861 3401 urbe
886 3350 1147 3422 quaestor
1170 3340 1471 3412 attulerat,
1500 3340 1763 3401 Romam
1785 3361 1802 3411 ς
1839 3340 2022 3403 ceteri
2047 3337 2128 3397 ad

218 3456 424 3515 regem
450 3436 701 3518 profecti
724 3448 879 3499 sunt.

304 3540 411 3593 36.
454 3534 554 3594 Ex
580 3532 673 3593 his
705 3552 842 3594 cum
870 3554 975 3595 rex
1004 3544 1143 3596 acta
1162 3536 1552 3615 cognovisset,
1578 3554 1702 3617 proe
1726 3536 1937 3596 ceteris
1952 3534 2130 3594 rebus

216 3631 589 3711 benignitate
612 3638 675 3690 et
698 3630 897 3691 studio
922 3630 1111 3713 Syllae
1130 3631 1483 3709 delectatus,
1512 3652 1650 3713 quae
1677 3632 1860 3712 legati
1881 3650 2126 3710 magno-

216 3748 363 3811 pere
378 3728 727 3800 efferebant,
748 3728 1031 3794 inclinare
1043 3733 1176 3810 jam
1192 3731 1449 3791 animum
1465 3729 1544 3791 ad
1566 3750 1776 3812 pacem
1795 3728 2126 3811 proditione
2150 3732 2368 3805 Appiam.

218 3826 537 3907 Jugurthae
582 3826 983 3889 redimendam
1020 3829 1238 3910 coepit:
1285 3846 1421 3889 cum
1462 3828 1643 3889 etiam
1687 3826 1922 3887 Marius
1955 3826 2128 3887 aliter
2153 3796 2288 3909 53¹2
2305 3811 2387 3861 ⁸¹³⁸

216 3935 655 3987 conventurum
680 3928 1036 4007 negavisset.
1096 3924 1289 4006 Igitur
1308 3925 1560 4005 tegendo
1583 3926 1834 3987 consilio
1855 3944 1960 4005 per
1983 3944 2124 3985 cau·
2151 3926 2360 3991 Appium.

219 4042 351 4081 sam
393 4023 627 4103 injuriat
668 4024 745 4085 ab
788 4023 1055 4085 occiduis
1094 4022 1475 4103 AEthiopibus
1504 4032 1788 4103 acceptae,
1817 4022 2020 4103 copias
2054 4042 2127 4083 eo

220 4118 429 4180 mittit.
514 4117 686 4181 Nam
738 4142 811 4183 ea
856 4122 1023 4182 natio
1081 4120 1463 4184 Mauritaniae
1500 4118 1755 4180 finitima
1793 4128 1903 4191 est,
1945 4128 2009 4180 et
2047 4120 2128 4181 ab

220 4216 353 4274 eois
401 4214 777 4297 AEthiopibus
820 4218 933 4279 situ
988 4226 1051 4279 et
1100 4218 1335 4277 nomine
1382 4215 1684 4288 distincta,
1738 4216 1816 4278 ad
1867 4228 2124 4277 montem

224 4310 553 4372 Atlantem
578 4316 853 4394 pertinet.
2177 4355 2332 4403 strab.

306 4414 411 4468 36.
458 4408 659 4469 Multa
701 4410 777 4471 de
816 4411 927 4472 hac
959 4412 1383 4491 regione'mira
1416 4412 1762 4471 referuntur.
1845 4409 2124 4472 Camelo-
2151 4436 2283 4469 xvn.
2304 4422 2420 4469 827.
