3225 5242
692 482 872 550 4096

1666 496 1740 549 ‘1'-
1785 496 1983 545 mvn

1106 646 1209 705 28.
1252 640 1498 703 Paratis
1520 640 1816 713 omnibus,
1841 658 1978 701 cum
1993 640 2128 719 jam
2155 638 2214 699 in
2239 636 2496 699 turribus
2511 637 2762 699 telorum
2785 637 2942 701 varii

1028 740 1255 819 generis
1280 739 1563 801 immensa
1596 739 1688 799 vis
1723 746 2024 817 congesta,
2064 736 2530 818 catapultaeque,
2563 744 2628 795 et
2653 736 2790 795 aliae
2814 756 2944 795 ma-

1024 839 1219 899 chinae
1244 838 1458 919 quibus
1496 837 1683 897 hastae
1722 845 1828 896 aut
1861 856 2012 895 saxa
2036 836 2364 914 jaciuntur,
2389 833 2691 915 disposita:
2719 843 2940 905 essent,

1028 945 1093 995 et
1116 934 1175 995 in
1200 934 1462 1004 castellis
1485 934 1774 1013 sagittarii
1793 953 1866 995 ac
1884 932 2208 993 funditores
2221 931 2503 993 collocati
2522 952 2540 1001 ;
2567 932 2810 992 crebros
2833 952 2942 1013 per

1029 1034 1363 1094 universum
1388 1032 1583 1113 operis
1608 1032 1979 1092 circumitum
2004 1030 2270 1091 homines
2288 1029 2614 1099 constituit,
2631 1030 2740 1109 qui
2761 1038 2940 1091 noctu

1028 1130 1252 1210 diuque
1292 1128 1577 1209 quicquid
1621 1128 1954 1201 accidisset,
1995 1127 2256 1189 clamore
2285 1125 2724 1205 significarent:
2764 1146 2940 1207 quem

1033 1226 1183 1287 alter
1209 1227 1287 1286 ab
1313 1225 1499 1287 altero
1526 1234 1866 1307 exceptum,
1891 1231 1957 1285 et
1981 1227 2250 1308 proximo
2273 1226 2492 1305 cuique
2517 1223 2722 1285 statim
2759 1222 2940 1285 uadi·

888 1392 899 1402 ,
1032 1332 1184 1395 tum,
1210 1334 1509 1384 momento
1534 1323 1812 1405 temporis
1837 1323 1916 1383 ad
1953 1322 2322 1405 imperatoris
2352 1340 2522 1382 aures
2553 1320 2940 1402 perferebant.

1037 1420 1327 1481 Similiter
1348 1421 1577 1500 sig-num
1616 1421 1974 1502 erumpentis
2002 1422 2188 1482 hostis
2219 1419 2350 1480 dari
2383 1439 2417 1480 e
2443 1439 2614 1479 muro
2638 1419 2848 1498 jusit,
2874 1436 2942 1477 eo

1038 1517 1237 1589 modo,
1264 1527 1353 1588 ut,
1379 1517 1692 1599 siquando
1715 1518 1986 1598 proxima
2009 1517 2277 1600 periculo
2299 1518 2477 1578 turris
2501 1518 2736 1595 signum
2753 1522 2940 1575 sustu·

1039 1614 1225 1685 lisset,
1252 1615 1313 1674 in
1334 1616 1604 1675 omnibus
1621 1616 1878 1676 turribus
1903 1615 2062 1676 idem
2085 1616 2364 1676 continuo
2391 1613 2574 1675 fieret.
2661 1612 2772 1673 Sic
2791 1612 2943 1672 futu-

1038 1730 1168 1797 rum
1191 1718 1321 1771 erat
1344 1720 1414 1771 ut
1434 1732 1515 1771 ex
1546 1712 1726 1791 signis
1757 1712 2000 1793 quidem
2029 1714 2230 1773 statim
2267 1712 2688 1791 intelligentur
2725 1709 2945 1769 alicubi

1038 1809 1286 1880 turbari,
1311 1808 1537 1869 clamor
1562 1820 1786 1881 autem,
1811 1810 1958 1890 quid
1981 1812 2065 1869 rei
2091 1818 2158 1871 et
2179 1809 2281 1869 ubi
2307 1818 2482 1879 esset,
2508 1808 2785 1890 aperiret.

1121 1911 1225 1968 29.
1265 1905 1462 1967 Porro
1499 1906 1577 1967 ad
1612 1926 1816 1967 omnes
1853 1908 1997 1967 istos
2031 1928 2168 1967 usus
2197 1908 2374 1988 copia
2408 1907 2714 1966 hominum
2747 1922 2949 1983 super-

1040 2002 1205 2064 abat.
1288 2003 1628 2065 Contractis
1667 2005 1822 2064 enim
1857 2004 2268 2085 Hispaniarum
2306 2004 2567 2083 gentium
2601 2000 2868 2071 auxiliis,
2895 2010 2955 2061 et

1040 2119 1148 2160 suo
1171 2120 1311 2161 cum
1336 2102 1604 2163 exercitu
1629 2102 1984 2182 conjunctis,
2020 2100 2100 2161 ad
2137 2103 2451 2180 sexaginta
2475 2100 2668 2160 millia
2693 2106 2953 2159 armato-

1040 2216 1169 2257 rum
1210 2198 1511 2261 effecerat.
1595 2200 1698 2260 Ex
1740 2200 1854 2260 hoc
1899 2198 2170 2259 universo
2209 2219 2454 2259 numero
2485 2198 2734 2277 triginta
2765 2195 2958 2255 millia

1042 2294 1409 2377 disposuerat
1439 2296 1519 2357 ad
1544 2316 1776 2357 murum
1807 2316 1984 2379 quem
2009 2305 2386 2356 exstruxerat
2407 2294 2872 2364 observandum,
2897 2302 2958 2353 et

1042 2401 1263 2465 cetera,
1284 2414 1419 2475 quae
1442 2393 1799 2475 postulasset
1817 2415 1978 2465 usus,
1997 2393 2274 2455 obeunda
2289 2392 2518 2453 militiae
2533 2392 2760 2453 munia.
2804 2389 2960 2450 Alia

1045 2489 1252 2570 viginti
1292 2490 1483 2551 millia
1522 2492 1608 2553 ita
1645 2512 1708 2551 se
1750 2500 2122 2573 paraverant,
2161 2499 2229 2551 ut
2261 2511 2397 2551 cum
2432 2490 2639 2570 aliqua
2667 2508 2748 2549 ex
2791 2498 2960 2569 parte

1047 2588 1295 2666 pugnari
1331 2587 1409 2647 ad
1443 2608 1670 2649 murum
1711 2590 2046 2661 sensissent,
2089 2589 2169 2649 ad
2203 2609 2376 2670 opem
2406 2586 2708 2648 ferendam
2744 2595 2964 2667 praesto

1048 2693 1261 2744 essent.
1344 2684 1615 2765 Reliqua
1655 2686 1977 2746 multitudo
2008 2696 2289 2767 tanquam
2323 2687 2381 2745 in
2417 2684 2694 2746 subsidiis
2717 2694 2852 2743 erat
2873 2684 2962 2744 lo-

1050 2789 1225 2840 cata:
1254 2800 1444 2863 neque
1470 2802 1704 2843 movere
1719 2804 1782 2843 se
1803 2786 2104 2863 cuiquam,
2127 2793 2233 2844 aut
2251 2783 2540 2863 excedere
2557 2781 2714 2853 loco,
2735 2783 2961 2863 injussu

1052 2876 1419 2957 imperatoris
1444 2880 1700 2941 licebat:
1745 2881 1975 2959 signum
2011 2883 2460 2963 expectabatur.
2545 2879 2624 2940 Id
2651 2881 2756 2941 ubi
2785 2878 2962 2940 fulse-

1052 2982 1169 3045 rat,
1196 2976 1272 3036 ad
1300 2976 1646 3057 prae'dictum
1673 2979 1926 3059 quisque
1961 2998 2173 3040 munus
2197 2978 2512 3039 emicabat.
2593 2976 2798 3037 Tanta
2819 2996 2964 3037 cura

1052 3072 1481 3155 diligentiaque
1523 3074 1823 3155 Scipionis
1856 3086 2052 3137 castra
2087 3075 2165 3135 ad
2194 3074 2594 3137 Numantiam
2630 3075 2964 3156 permunita

1060 3168 1245 3230 fuere.
1772 3184 1777 3187 “

1136 3272 1237 3325 30.
1280 3263 1503 3345 Neque
1534 3249 1780 3347 sequior·
1801 3277 2046 3337 eventus
2068 3266 2200 3328 suit.
2283 3265 2464 3328 Nihil
2493 3267 2649 3327 enim
2677 3265 2966 3327 adversus

1046 3359 1188 3421 ‘haec
1250 3364 1661 3423 acerrimorum
1701 3364 1954 3424 hostium
2008 3366 2262 3445 impetus
2298 3363 2525 3423 valuit:
2577 3364 2703 3444 qui,
2757 3364 2972 3443 saepius

1058 3458 1365 3538 eruptione
1398 3467 1647 3531 tentata,
1681 3481 1815 3521 cum
1852 3482 2042 3541 neque
2073 3459 2282 3521 fallere
2307 3461 2585 3531 intentos,
2613 3480 2810 3540 neque
2837 3480 2968 3541 per·

1058 3572 1329 3633 rumpere
1354 3554 1649 3617 confertos
1673 3566 1931 3637 possent,
1960 3556 2176 3617 frustra
2200 3558 2402 3617 omnia
2428 3556 2651 3629 conati,
2679 3556 2832 3618 nihil
2859 3558 2970 3617 nisi

1059 3649 1311 3711 vulnera
1335 3660 1398 3712 et
1419 3653 1888 3733 desperationem
1913 3654 1974 3714 in
2001 3654 2205 3714 urbem
2225 3652 2565 3715 retulerunt.
2651 3653 2800 3721 Qua
2813 3655 2973 3714 enim

1061 3764 1318 3828 cumque
1354 3758 1519 3829 parte
1546 3751 1827 3830 impetum
1853 3748 2148 3822 fecissent,
2173 3770 2208 3810 e
2233 3750 2486 3829 vestigio
2509 3760 2976 3831 propugnatores

1060 3840 1427 3905 formidabili
1458 3846 1658 3927 specie
1691 3847 2154 3907 concurrebant:
2189 3866 2327 3908 cum
2351 3848 2626 3907 omnibus
2651 3866 2687 3906 e
2713 3848 2978 3907 turribus

1062 3938 1237 4017 sig-na
1278 3951 1573 4003 momento
1608 3941 1975 4014 efferrentur,
2018 3943 2208 4003 nuntii
2243 3944 2436 4024 parati
2471 3942 2889 4015 discurrerent,
2916 3952 2978 4003 et

1062 4036 1227 4097 tubis
1250 4036 1628 4119 undiquaque
1652 4038 2119 4109 concinentibus,
2147 4049 2502 4099 armatorum
2531 4039 2696 4117 globi
2722 4038 2861 4101 loco
2875 4041 2978 4100 diu

1067 4141 1207 4194 ante
1231 4132 1546 4213 unicuique
1573 4134 1914 4216 proescripto
1939 4136 2064 4193 sine
2090 4154 2254 4195 mora
2277 4136 2772 4217 conspicerentur.
2839 4135 2977 4197 Ne-

1070 4248 1187 4309 que
1213 4227 1341 4287 ulla
1371 4248 1508 4309 pars
1542 4240 1865 4291 castrorum
1911 4231 2118 4311 impeti
2153 4240 2408 4312 poterat,
2437 4232 2577 4313 quin
2612 4232 2818 4292 statim
2843 4234 2976 4292 nni-

1072 4344 1275 4385 versus
1319 4326 1599 4397 ambitus,
1639 4346 1745 4388 sex
1773 4325 2031 4406 amplius
2063 4326 2251 4387 millia
2277 4348 2577 4409 passuum,
2601 4330 2876 4388 certatim
2899 4328 2976 4389 ad

1076 4444 1187 4487 sua
1212 4426 1415 4487 munia
1439 4446 1502 4487 se
1526 4427 1860 4507 parantium
1885 4425 2097 4486 studiis
2119 4434 2182 4485 et
2207 4425 2578 4488 festinatione
2603 4425 2878 4487 ferveret.
