3225 5242
745 1906 1022 1985 CotruNep.

1692 566 1763 614 '1'-
1812 564 1999 615 lell

1043 704 1302 780 cederet,
1325 728 1468 771 cum
1487 710 1735 791 imperio
1755 728 1884 771 esse
1908 708 2153 791 placuit.
2240 708 2475 777 Qualia
2494 726 2953 771 commemorare

1041 824 1120 865 ex
1145 806 1306 867 omni
1329 814 1508 867 etate
1533 806 1791 889 plurima
1808 826 2039 888 possem
2062 826 2077 867 ε
2104 826 2245 869 nam
2268 809 2323 886 ej
2332 806 2557 867 usmodi
2582 806 2863 888 exempla
2886 814 2955 867 et

1049 905 1112 963 in
1147 912 1349 965 nostra
1379 904 1649 975 civitate,
1684 914 1749 965 et
1786 905 1849 965 in
1888 904 2023 965 aliis
2060 904 2331 965 omnibus
2368 904 2645 983 exigente
2685 924 2793 963 usu
2835 902 2954 965 fre-

1047 1010 1334 1081 quentata
1351 1010 1506 1063 sunt.
1589 1000 1659 1062 Si
1680 1003 1881 1081 igitur,
1899 1000 2063 1082 quod
2080 1001 2302 1063 talibus
2324 1001 2686 1082 temporibus
2704 1000 2833 1061 fieri
2850 1022 2952 1063 so-

1046 1095 1134 1157 let
1173 1096 1492 1179 debetque,
1529 1120 1568 1159 a
1615 1099 1687 1161 L.
1724 1099 1969 1180 Opimio
1997 1098 2224 1161 factum
2246 1108 2373 1169 estz
2416 1118 2523 1159 cur
2550 1098 2621 1159 L.
2650 1098 2953 1179 Opimius,

1041 1202 1330 1275 tanquam
1351 1195 1496 1258 foedi
1517 1196 1797 1257 facinoris
1812 1205 2040 1267 auctor,
2064 1196 2416 1259 accusatur?
2438 1216 2543 1257 cur
2568 1195 2811 1257 invidiae
2834 1197 2955 1257 eri-

1043 1293 1304 1375 minique
1323 1294 1507 1367 cedit,
1521 1294 1690 1374 ‚quod
1714 1296 1921 1357 honori
1944 1294 2075 1357 dari
2092 1295 2451 1376 oportebat?

1123 1398 1227 1452 66.
1247 1401 1267 1429 ⁴
1291 1390 1368 1453 In
1385 1391 1676 1454 Thebana
1692 1394 1935 1453 civitate
1954 1391 2283 1474 aliquando
2300 1392 2477 1471 longe
2494 1391 2817 1473 principem
2832 1392 2955 1453 vir·

1045 1496 1172 1549 tute
1187 1498 1251 1549 et
1263 1489 1522 1551 moribus
1537 1490 2013 1571 Epaminondam
2028 1489 2206 1551 fuisse
2220 1490 2577 1572 accepimus.
2620 1488 2689 1550 Is
2698 1509 2837 1551 cum
2850 1510 2951 1549 su-

1045 1604 1156 1665 pra
1199 1587 1589 1667 praestitutum
1624 1586 1857 1667 legibus
1892 1597 2123 1669 tempus
2158 1588 2505 1649 continuata
2542 1596 2823 1668 pretura,
2856 1608 2955 1649 res

1044 1684 1338 1745 maximas
1377 1685 1701 1765 pau-imque
1730 1686 2071 1747 utilissimas
2096 1686 2387 1798 geminet,
2425 1704 2675 1765 quarum
2714 1684 2952 1745 occasio

1043 1781 1414 1861 praeteritura
1435 1780 1651 1854 fuerat,
1670 1784 1721 1843 si
1748 1782 2013 1863 legitimo
2032 1792 2291 1865 tempore
2310 1783 2619 1864 imperium
2642 1782 2949 1862 deposuis-

1043 1886 1160 1947 set:
1183 1898 1418 1958 poenam
1433 1898 1552 1941 non
1565 1878 1943 1961 deprecatus,
1958 1880 2177 1943 ascribi
2190 1880 2365 1962 petiit
2378 1880 2678 1950 decreto,‘
2672 1932 2681 1941 .
2699 1880 2949 1959 Epami-

975 1974 1302 2037 mnondam
1337 1995 1378 2037 a
1407 1976 1637 2038 civibus
1666 1987 1852 2039 morte
1886 1978 2243 2040 mulctatum
2270 1996 2420 2049 eme,
2452 1976 2617 2058 quod
2644 1996 2749 2037 eos
2770 1996 2949 2058 supe-

1041 2072 1372 2154 ratis-apud
1401 2072 1659 2135 Leuctra
1682 2073 2015 2155 Spartanis,
2041 2092 2293 2154 quorum
2314 2082 2695 2155 conspectum
2720 2074 2781 2133 in
2816 2074 2949 2135 acie

1047 2169 1244 2231 Boeoti
1287 2180 1425 2231 ante
1465 2192 1532 2231 se
1573 2172 1991 2253 imperatorem
2032 2172 2183 2233 ferre
2224 2172 2642 2251 nequivissent,
2686 2172 2953 2249 coegerit

1041 2264 1282 2327 Thebas
1331 2269 1410 2329 ab
1461 2270 1725 2340 interitu,
1764 2268 2065 2330 Graeciam
2116 2270 2177 2331 in
2226 2268 2561 2329 libertatem
2600 2268 2951 2329 vindicare?

1042 2362 1177 2425 Vos
1199 2365 1564 2426 damnationi
1591 2367 1666 2428 L.
1697 2367 1925 2448 Opimii
1952 2386 2129 2447 quem
2152 2365 2395 2427 titulum
2414 2366 2791 2447 prmcribene
2812 2367 2944 2445 jus·

1041 2462 1252 2522 tiorem
1297 2465 1583 2545 poteritis,
1615 2484 1797 2545 quam
1832 2464 1993 2545 quod
2030 2464 2340 2545 impiorum
2374 2462 2685 2544 suppliciis
2712 2472 2952 2525 servata

1037 2556 1304 2631 civitate,
1342 2560 1473 2621 haec
1512 2561 1734 2632 omnia,
1763 2580 1989 2641 vosque
2032 2564 2215 2642 ipsos,
2254 2558 2692 2640 quantumlibet
2730 2560 2953 2620 invitos

1039 2662 1220 2735 atque
1243 2666 1658 2738 repugnantes,
1684 2658 1883 2720 salvos
1908 2678 2032 2719 esse
2058 2658 2360 2737 coegerit?

1118 2758 1220 2817 67.
1265 2762 1284 2789 ‘
1309 2753 1492 2816 cives
1524 2757 1760 2828 armati,
1798 2755 2051 2817 ducibus
2086 2756 2227 2817 viris
2262 2752 2658 2825 nobilimimis,
2685 2750 2951 2815 Aventi-

1037 2868 1178 2908 num
1213 2848 1580 2911 insederant:
1607 2870 1725 2912 non
1750 2872 1953 2924 causa,
1988 2872 2107 2913 non
2144 2852 2463 2932 proposito,
2488 2870 2565 2911 ne
2588 2850 2789 2930 specie
2816 2849 2953 2929 qui-

1035 2942 1174 3005 dem
1196 2945 1427 3017 eadem,
1468 2966 1592 3027 qua
1613 2947 1758 3009 olim
1782 2950 1967 3009 nostri
1997 2947 2213 3009 milites
2236 2945 2491 3009 eundem
2522 2944 2741 3007 collem
2764 2964 2947 3007 oocu-

1035 3050 1270 3121 parunt.
1357 3042 1474 3103 Vis
1517 3042 1655 3104 illos
1696 3054 1761 3105 et
1804 3043 1995 3106 libido
2046 3044 2511 3105 decemvirorum
2560 3043 2903 3105 conciverat
2930 3061 2949 3101 ε

1035 3156 1225 3218 neque
1251 3148 1320 3199 ut
1337 3138 1472 3199 aliis
1495 3140 1769 3219 injuriam
1794 3141 2081 3212 facerent,
2108 3140 2215 3201 sed
2238 3149 2307 3201 ut
2332 3158 2371 3199 a
2392 3140 2719 3218 semisque
2744 3138 2950 3199 liberis

1035 3243 1322 3307 arcerent,
1349 3236 1736 3315 satagebant3
1780 3246 1964 3318 utque
1994 3236 2175 3297 animi
2201 3234 2433 3307 civiles,
2458 3236 2545 3295 sic
2568 3235 2751 3296 etiam
2777 3252 2951 3295 arma

1033 3330 1320 3411 signaque
1340 3330 1626 3392 Romana
1651 3334 2063 3395 noscebantur·
2146 3331 2337 3393 Nunc
2367 3331 2633 3392 homines
2654 3328 2947 3401 seditiosi,

1034 3425 1204 3485 bonis
1227 3428 1502 3487 omnibus
1525 3429 1772 3501 inimici,
1798 3430 2161 3510 triumphata
2183 3447 2371 3509 nuper
2396 3446 2563 3488 arma
2584 3435 2649 3487 et
2660 3424 2947 3497 Transal-

1033 3521 1235 3601 pinum
1261 3531 1534 3583 ornatum
1557 3526 1959 3597 ostentabant,
1988 3534 2057 3585 ut
2081 3526 2219 3585 urbs
2244 3526 2455 3585 iterum
2481 3542 2520 3583 a
2538 3522 2741 3583 Gallis
2762 3532 2947 3604 capta

1033 3614 1350 3679 videretur.
1455 3619 1679 3701 Capita
1703 3620 1997 3693 factionis,
2024 3641 2161 3682 cum
2190 3621 2249 3680 in
2274 3629 2543 3682 senatum
2568 3628 2944 3693 vocarentur,

1031 3713 1234 3775 venire
1261 3712 1696 3789 detrectabant,
1724 3718 1867 3797 quia
1894 3716 2057 3798 quod
2082 3737 2189 3798 per
2209 3718 2335 3778 vim
2361 3716 2755 3795 injuriamque
2780 3713 2942 3777 feee-

1032 3819 1187 3883 rant,
1213 3831 1332 3872 non
1353 3811 1658 3875 audebant
1671 3816 1811 3895 jure
1828 3813 2169 3876 defendere.
2255 3812 2332 3873 In
2358 3832 2431 3873 eo
2454 3831 2649 3873 rerum
2668 3812 2943 3884 articulo,

1033 3906 1180 3986 quid
1221 3906 1385 3971 aliud
1417 3928 1589 3989 agere
1627 3910 1859 3984 consul,
1900 3930 2081 3991 quam
2113 3909 2325 3970 referre
2356 3909 2435 3971 ad
2472 3919 2741 3970 senatum
2772 3918 2941 3989 pote·

1035 4004 1170 4089 rat?
1211 4002 1355 4085 quid
1399 4004 1563 4066 aliud
1604 4015 1865 4080 senatus,
1906 4027 2088 4087 quam
2120 4006 2401 4067 mandare
2434 4004 2663 4067 consuli
2690 4004 2941 4065 nitelam

1037 4099 1294 4160 civitatis
1309 4100 1334 4159 Τ

1115 4202 1219 4256 68.
1260 4204 1280 4233 ⁸
1305 4195 1374 4255 N
1376 4216 1447 4257 ec
1471 4217 1584 4277 ego
1614 4201 1747 4279 jam
1777 4197 1849 4261 L.
1879 4199 2189 4281 Opimium
2222 4197 2516 4259 defendo:
2559 4197 2743 4259 totius
2766 4214 2937 4258 seua·

1035 4298 1132 4351 tus
1158 4310 1271 4371 ago
1289 4312 1548 4353 causam.
1634 4294 1914 4369 Senatus,
1926 4296 1983 4355 si
2010 4315 2156 4357 vera
2178 4292 2383 4365 vultis,
2408 4294 2523 4353 hoc
2531 4290 2769 4372 judicio
2804 4310 2939 4351 reus

1035 4394 1142 4449 est.
1227 4386 1356 4451 Per
1385 4388 1456 4451 L.
1477 4389 1709 4474 Opimii
1756 4391 1913 4455 latus
1953 4391 2149 4472 legum
2186 4389 2545 4455 violatarum
2582 4396 2821 4453 senatus
2844 4388 2937 4447 in-
