3225 5242
655 544 831 613 43⁰2
1313 586 1348 615 .
1610 552 1683 601 T.
1732 552 1922 601 mvn

659 704 802 767 Pigh.
825 700 957 749 Anu.
985 698 1069 771 fo,
1093 718 1271 778 quem
1297 698 1558 777 legatum
1599 698 1657 755 in
1688 696 1907 757 Africa
1945 694 2253 764 habuerat,
2278 700 2342 752 et
2364 693 2469 773 qui
2494 691 2553 750 in
2580 688 2777 751 locum
2804 688 2879 750 L.

987 795 1180 859 Cassii
1220 796 1484 877 petebat,
1521 796 1771 874 gratiam
1812 812 1977 853 suam
2022 810 2229 873 parum
2262 788 2579 851 efficaciter
2616 789 2879 870 interpo-

695 900 803 951 cic.
823 900 962 949 Brut.
983 895 1136 954 suit:
1181 890 1540 973 praevalente
1577 890 1671 952 M.
1698 889 1945 949 AEmilio
1974 887 2201 949 Scauro
2222 886 2625 967 competitore.
2710 886 2885 947 Hinc

657 982 705 1017 ⁶·
727 970 810 1017 ⁸⁰·
985 1010 1217 1070 magnae
1243 990 1394 1055 inter
1417 990 1526 1049 hos
1549 986 1895 1059 simultates,
1920 987 2407 1065 designatumque
2432 983 2725 1045 Scaurum
2744 974 2881 1044 Ru-

981 1089 1147 1149 tilius
1170 1086 1490 1171 postulavit
1513 1087 1791 1156 ambitus,
1816 1094 1880 1147 et
1902 1085 1981 1145 ab
2004 1085 2121 1144 hoc
2152 1082 2425 1143 absoluto
2462 1081 2721 1142 vicissim
2746 1092 2883 1163 pos—

661 1192 843 1243 Cicds
871 1194 958 1245 Or.
983 1186 1208 1246 tulatus
1241 1194 1349 1245 est.
1433 1183 1578 1251 Quo
1609 1184 1668 1243 in
1698 1182 1931 1262 judicio
1956 1202 2093 1243 cum
2128 1182 2186 1241 in
2225 1178 2375 1240 Rufi
2408 1177 2630 1239 tabulis
2662 1180 2885 1239 nomini

663 1276 726 1308 ¹¹·
749 1264 832 1310 ⁶⁹⁰
983 1282 1223 1343 cuidam
1259 1282 1544 1362 ascriptas
1579 1280 1783 1341 literas
1820 1286 1840 1315 ‘
1869 1278 1957 1338 A.
1987 1277 2060 1337 F.
2086 1276 2170 1337 P.
2200 1274 2307 1337 R!
2396 1274 2655 1335 Scaurus
2691 1284 2887 1335 osten-

985 1378 1176 1450 deret,
1197 1378 1374 1459 idque
1399 1377 1626 1438 diceret
1650 1396 1799 1445 esse,
1830 1385 1848 1411 ‘
1873 1374 2103 1434 Actum
2128 1370 2247 1432 fide
2273 1371 2356 1432 P.
2383 1370 2606 1431 Rutilii
2623 1372 2673 1440 ;’
2699 1370 2887 1432 Ruti-

985 1476 1104 1535 lius
1145 1484 1366 1545 autem,
1411 1482 1430 1510 ‘
1460 1483 1597 1533 ante
1648 1471 1896 1541 factum,
1946 1478 2081 1551 post
2126 1468 2451 1529 relatumz'
2496 1466 2573 1528 C.
2618 1466 2891 1529 Cannius

985 1592 1168 1652 eques
1193 1572 1543 1641 Romanus,·
1561 1570 1667 1651 qui
1695 1567 1867 1628 Rufo
1892 1567 2119 1637 aderat,
2146 1565 2532 1635 exclamavit,
2564 1572 2583 1601 ⁶
2615 1574 2891 1625 neutrum

988 1669 1110 1728 illis
1156 1668 1342 1727 literis
1387 1666 1727 1727 declarari.’
1828 1672 1846 1699 ‘
1878 1663 2048 1731 Quid
2098 1662 2314 1741 ergo'i'
2362 1660 2557 1741 inquit
2608 1660 2889 1722 Scaurus.

987 1764 1142 1824 Tum
1167 1763 1306 1823 ille:
1351 1772 1369 1799 ⁶
1399 1761 1680 1821 AEmilius
1712 1759 1877 1831 fecit,
1918 1758 2195 1841 plectitur
2232 1757 2545 1818 Rutilius!
2628 1756 2791 1817 Haec
2814 1779 2893 1818 eo

991 1881 1146 1921 anno
1171 1860 1230 1919 in
1257 1860 1404 1919 urbe
1429 1868 1566 1919 acta
1588 1858 1873 1938 comperi,
1898 1866 1960 1916 et
1980 1856 2131 1915 duos
2154 1863 2443 1937 praeterea
2466 1854 2793 1934 triumphos
2809 1874 2891 1915 ex

697 1958 807 2009 ναί·
831 1958 967 2007 Max.
994 1956 1299 2037 Hispania
1341 1954 1717 2035 Thraciaque
1760 1954 1991 2013 ductos.
2083 1952 2175 2020 Q.
2228 1949 2520 2011 Servilius
2564 1949 2778 2031 Caepio
2811 1951 2893 2011 de

667 2039 952 2138 agn-'mg‘
993 2054 1310 2125 Lusitanis,
1351 2062 1414 2114 et
1450 2054 1703 2113 clariore
1747 2051 1909 2114 fama
1950 2050 2028 2112 de
2074 2049 2403 2113 Scordiscis
2441 2048 2538 2110 M.
2584 2049 2897 2110 Minucius

995 2150 1198 2211 Rufus
1223 2151 1675 2233 triumpharunt.
2648 2170 2659 2177 ·

668 2251 785 2303 San.
1075 2256 1174 2312 17.
1217 2248 1340 2309 Sed
1399 2250 1458 2308 in
1505 2246 1803 2308 Numidia
1853 2245 2104 2315 Marius,
2150 2262 2367 2322 magna
2410 2264 2553 2304 cura
2593 2243 2898 2305 veteribus

993 2348 1270 2407 exercitis
1309 2348 1518 2427 copiis,
1565 2344 1911 2405 assuefactis
1950 2342 2028 2402 ad
2062 2360 2304 2401 munera
2338 2356 2625 2422 casusque
2664 2341 2897 2403 militiae
2959 2395 2978 2409 ,

995 2445 1305 2514 tironibus,
1321 2463 1456 2505 cum
1479 2442 1753 2503 Gaetulos
1776 2450 1841 2501 et
1856 2440 2216 2519 Jugurtham
2234 2458 2393 2519 saepe
2416 2438 2651 2498 levibus
2675 2441 2902 2521 praeliis

995 2539 1266 2610 fudisoet,
1303 2542 1530 2618 majora
1567 2538 1761 2599 moliri
1790 2536 1992 2617 coepit,
2035 2556 2155 2615 quo
2187 2534 2542 2613 Jugurtham
2565 2535 2643 2596 de
2666 2552 2901 2597 summa

993 2656 1184 2695 rerum
1215 2637 1506 2697 ‘dimicare
1547 2642 1806 2715 cogeret,
1848 2632 2183 2714 priusquam
2223 2632 2567 2692 contrahere
2592 2653 2631 2692 a
2662 2632 2900 2693 Mauris

995 2731 1223 2792 auxilia
1262 2734 1562 2813 potuisset.
1646 2730 1817 2791 Nam
1856 2720 2133 2790 Bocchus
2154 2748 2313 2810 saepe
2346 2729 2539 2789 missis
2572 2728 2653 2790 ad
2684 2750 2896 2790 consu-

995 2830 1112 2890 lem
1139 2830 1378 2901 nuntiis,
1399 2830 1721 2910 quicquam
1746 2828 1825 2889 ab
1848 2846 1911 2887 se
1937 2826 2147 2887 hostile
2173 2826 2369 2886 timeri
2386 2827 2650 2887 vetabat.
2702 2825 2898 2906 Igitur

879 2962 886 2969 -
995 2925 1198 2986 multis
1237 2926 1476 3009 oppidis
1514 2926 1897 3006 castellisque
1930 2924 2307 3004 expugnatis,
2334 2944 2471 2985 cum
2504 2934 2702 2985 tamen
2740 2944 2897 3006 prae-

992 3034 1315 3085 vertentem
1356 3025 1478 3085 alia
1503 3022 1542 3083 J
1547 3024 1857 3104 ugurtham
1883 3020 2174 3083 attrahere
2210 3022 2592 3102 nequivisset,
2632 3020 2896 3103 Capsam

997 3122 1356 3200 aggreditur,
1381 3120 1659 3202 frequens
1702 3120 1934 3190 incolis,
1958 3127 2021 3178 et
2056 3128 2273 3179 natura
2307 3118 2425 3179 loci
2448 3120 2900 3179 munitissimum

708 3240 863 3289 strab.
997 3218 1305 3300 oppidum,
1365 3218 1472 3278 ubi
1530 3216 1829 3277 thesauros
1874 3216 2091 3277 habere
2144 3215 2185 3277 J
2190 3216 2439 3297 ugurtha
2492 3227 2899 3291 consueverat,

676 3320 814 3355 xvu.
827 3320 880 3370 P·
999 3314 1408 3374 benevolentia
1445 3312 1899 3395 oppidanorum,
1940 3332 2089 3392 quos
2123 3312 2433 3384 immunes,
2468 3312 2587 3373 leni
2630 3315 2900 3396 imperio,

675 3374 795 3484 3⁹:1¹1:
1001 3419 1064 3471 et
1087 3412 1166 3470 ob
1189 3430 1264 3470 ea
1291 3410 1443 3470 fidos
1465 3430 1696 3491 semper
1720 3410 2027 3481 habuerat,
2052 3408 2157 3469 sed
2182 3410 2369 3489 magis
2392 3410 2653 3472 locorum
2678 3416 2900 3493 asperi-

935 3576 942 3594 ι
1004 3516 1128 3568 tate
1152 3506 1424 3567 confisus.

681 3614 885 3667 orem.
902 3620 982 3665 ιε.
1089 3610 1186 3665 18.
1230 3603 1400 3665 Nam
1445 3605 1506 3664 in
1551 3602 1761 3663 mediis
1803 3602 2033 3664 Africae
2076 3601 2491 3663 solitudinibus
2530 3602 2815 3684 Capsam,
2852 3608 2905 3669 si

679 3711 800 3761 San.
1008 3724 1149 3765 vera
1187 3703 1350 3763 fama
1381 3710 1492 3771 est,
1521 3700 1783 3782 Libycus
1820 3699 2121 3761 Hercules
2154 3698 2523 3773 condiderat,
2560 3721 2787 3763 amoeno
2812 3704 2907 3786 ip-

681 3808 812 3860 Flor.
837 3809 951 3859 San.
1006 3822 1131 3862 sam
1163 3800 1329 3868 loco;
1372 3798 1478 3859 sed
1503 3797 1662 3858 haud
1694 3796 1897 3878 procul
1926 3798 2126 3858 omnia
2149 3798 2469 3861 horrebant
2494 3798 2745 3871 incultu,
2772 3820 2905 3861 are-

1007 3899 1212 3978 nisque
1251 3906 1318 3957 et
1350 3896 1717 3977 serpentibus
1750 3895 1963 3955 infesta
1999 3903 2193 3957 erant.
2274 3894 2471 3957 Tanto
2496 3897 2686 3956 acrior
2708 3896 2903 3960 libido

1005 3993 1280 4075 capiendi
1317 3993 1600 4074 oppidum
1636 3992 1862 4053 consuli
1887 3993 2222 4063 incesserat,
2248 3992 2411 4072 quod
2440 3992 2721 4054 Metellus
2742 3994 2907 4057 Tha-

1006 4092 1128 4153 lam
1176 4090 1336 4153 haud
1380 4091 1649 4152 dissimili
1692 4090 1809 4150 situ
1846 4090 2127 4170 cepisset:
2170 4090 2283 4149 nisi
2328 4088 2488 4170 quod
2524 4090 2733 4151 Thalae
2770 4113 2907 4174 pro-

1011 4301 1148 4349 bunc
1181 4314 1371 4350 aunum
1398 4314 1464 4350 ex
1499 4299 1800 4363 conjectura
1820 4312 1923 4350 uon
2000 4298 2155 4349 nimis
2197 4296 2421 4349 fortasse
2471 4297 2710 4359 fidenter,
2752 4309 2809 4351 ut
2856 4304 2913 4355 in

1012 4365 1340 4427 improbabili
1427 4368 1606 4415 retulit
1684 4366 1920 4428 Pighius.
2001 4364 2267 4429 ejusmodi·
2298 4378 2373 4424 re,
2430 4380 2543 4431 quae
2600 4367 2911 4432 conjecturs

1009 4430 1250 4495 Pighium
1313 4432 1546 4496 sequitur
1599 4432 1921 4482 Freinshcm.
2000 4432 2219 4483 nitatur.
2254 4430 2397 4480 Creu.
