3225 5242
819 515 1026 566 mam
1080 515 1360 566 ωινιιι.
1403 512 2051 589 ευπιιιιιιιιιτυιι.
2362 482 2549 569 ’4351

321 664 496 729 natu,
535 654 752 717 deinde
785 654 868 718 P.
908 655 1122 727 Furii,0
1163 658 1265 717 cui
1304 674 1524 737 equum
1557 656 1867 739 publicum
1891 674 2097 717 censor
2120 652 2224 715 ad-

321 762 570 815 emerat.

401 855 504 910 36.
548 848 672 910 Sed
714 857 844 909 tum
883 868 922 909 a
957 845 1191 927 collega
1230 846 1546 911 Numidici
1579 848 1836 910 Metello
1863 848 2129 909 Glaucia
2164 857 2229 909 et
2284 850 2384 901 Dio
2404 867 2484 916 ap.

327 945 620 1028 Apuleius
641 946 904 1026 exempti
929 954 1110 1017 notae,
1129 945 1272 1006 etin
1295 956 1502 1008 senatu
1529 948 1739 1007 retenti
1764 955 1919 1008 sunt.
2003 945 2227 1026 Neque
2251 916 2476 1032 &35⁸⁹

313 1041 566 1105 dubium
591 1053 702 1115 est,
729 1042 870 1122 quin
887 1041 1046 1103 idem
1067 1042 1439 1123 popularium
1457 1042 1785 1105 studiorum
1796 1052 1921 1105 tam
1939 1052 2227 1114 metuens,
2290 1046 2497 1112 Appian-

315 1140 500 1201 etiam
526 1161 566 1200 a
583 1138 662 1203 C.
687 1138 966 1201 Graccho
985 1159 1222 1199 censum
1237 1140 1574 1226 acceperit:
1604 1159 1712 1220 pro
1728 1142 1903 1220 cujus
1920 1140 2229 1200 asserendo

313 1244 474 1298 statu
503 1216 916 1297 violentissime
945 1235 1245 1297 concitata
1281 1234 1626 1308 multitudo,
1668 1256 1849 1318 supra
1885 1244 2226 1299 consuetam

316 1332 718 1412 pervicaciam
741 1332 1090 1392 insaniebat.

397 1435 500 1493 87.
545 1428 738 1508 Igitur
769 1426 844 1489 σι’
867 1426 1278 1489 Gracchorum
1319 1446 1574 1489 sororem
1616 1426 2050 1510 Semproniam,
2094 1426 2227 1489 Sci-
2271 1424 2386 1475 th·
2406 1425 2551 1476 Mu.

265 1566 282 1577 ·
311 1524 510 1609 pionis
535 1524 841 1587 AEmiliaui
865 1523 1132 1595 viduam,
1153 1522 1460 1585 tribunitio
1476 1526 1653 1604 jussu
1678 1525 1737 1585 in
1764 1525 1969 1607 populi
1988 1525 2225 1587 concio·
2252 1507 2337 1543 ¹¹¹⁰
2354 1495 2405 1544 ⁸⁶

313 1640 454 1683 nem
478 1620 798 1682 adductam
823 1618 1108 1699 legimus:
1133 1618 1240 1679 sed
1265 1619 1539 1693 eandem,
1564 1621 1709 1682 licet
1730 1622 1863 1702 ipsa
1880 1620 1994 1682 fori
2018 1620 2225 1691 facies,

313 1720 423 1780 vix
444 1718 796 1799 primoribus
813 1716 954 1779 viris
975 1717 1105 1777 sine
1127 1716 1362 1777 horrore
1381 1716 1647 1789 ferenda,
1666 1716 1961 1797 minaeque
1980 1715 2225 1797 amplis—

312 1815 478 1875 simae
515 1814 847 1895 potestatis,
883 1822 946 1873 et
971 1813 1412 1874 innumerabilis
1436 1814 1644 1895 populi
1668 1814 1955 1886 fremitus,
1982 1814 2227 1893 objecta

311 1910 544 1971 mulieri
569 1911 828 1971 omnium
851 1930 1052 1971 earum
1077 1930 1270 1971 rerum
1305 1912 1554 1971 insuctae
1587 1919 1805 1983 essent,
1834 1920 2031 1972 tamen
2061 1909 2223 1989 adigi

311 2008 666 2090 nequivisse,
701 2017 768 2069 ut
809 2008 1118 2089 Equitium
1154 2028 1263 2089 pro
1302 2006 1432 2069 filio
1468 2006 1687 2082 fratris,
1727 2008 1932 2069 osculo
1958 2007 2225 2079 ferendo,

317 2114 684 2185 agnosceret.

397 2208 498 2262 38.
541 2199 618 2261 Ιιι
645 2201 854 2263 eadem
877 2220 1124 2262 censura
1147 2200 1232 2267 Q.
1265 2198 1572 2272 Metellus,
1599 2198 1763 2279 quod
1786 2199 1867 2259 ob
1893 2198 2225 2261 Cimbricas
2279 2218 2346 2271 Α,
2362 2219 2497 2273 Gen.
2514 2236 2555 2273 ι,

313 2298 574 2359 maxime
599 2297 804 2357 clades
825 2297 1016 2357 multo
1040 2298 1366 2378 pauciores,
1392 2316 1574 2377 quam
1593 2296 1993 2376 superioribus
2028 2296 2225 2355 lustris
2246 2289 2297 2335 ⁰·

310 2395 476 2455 censi
501 2394 660 2455 cives
678 2392 948 2455 Romani
967 2392 1228 2466 fuerunt,
1246 2394 1575 2454 orationem
1601 2392 1683 2452 ad
1703 2392 1985 2474 populum
1999 2391 2077 2452 de
2096 2412 2223 2451 ma·
2340 2408 2345 2416 ·

309 2490 564 2551 ritandis
585 2490 890 2551 ordinibus
913 2498 978 2549 et
999 2488 1272 2568 augenda
1296 2488 1464 2569 prole
1483 2487 1740 2560 habuit,‘
1770 2488 1973 2549 multis
2006 2488 2224 2549 dehinc

313 2587 588 2647 aetatibus
627 2586 943 2647 celebrem.
1027 2584 1198 2645 Nam
1231 2594 1296 2645 et
1333 2584 1647 2665 Augustus
1683 2584 1890 2646 Coesar
1912 2588 2065 2645 tanti
2090 2604 2223 2645 eam
2279 2599 2481 2649 Sueten.

309 2682 478 2757 fecit,
523 2692 592 2743 ut
627 2682 861 2743 senatui
913 2689 1100 2742 totam
1143 2681 1386 2761 legeret,
1433 2682 1775 2764 populoque
1814 2703 1921 2763 per
1960 2681 2223 2743 edictum
2245 2665 2551 2782 stffio‘fioffl·

311 2780 790 2841 commendaret:
815 2787 882 2839 et
908 2777 1212 2838 Hadriani
1235 2778 1433 2839 adbuc
1457 2798 1973 2858 successorumque
1994 2788 2223 2859 tempo·

310 2876 476 2937 ribus
514 2876 806 2955 gravitate
848 2874 1142 2947 dictionis,
1183 2883 1248 2936 et
1289 2876 1713 2937 sententiarum
1758 2874 2106 2936 salubritate
2158 2894 2221 2935 se

311 2971 768 3033 commendavit.
1232 3017 1243 3029 .

397 3074 498 3129 39.
548 3067 772 3149 Neque
811 3066 1027 3127 referre
1069 3066 1234 3148 piget
1271 3066 1422 3128 inter
1460 3067 1614 3128 alias
1654 3067 2045 3127 eminentem:
2102 3084 2225 3144 quo

313 3166 504 3245 magis
521 3163 828 3247 pudefiant
845 3172 1046 3224 nostra
1063 3172 1261 3237 aetate,
1283 3184 1431 3246 quos
1449 3164 1785 3227 divinorum
1800 3184 1879 3225 ex
1898 3164 2227 3225 certissima

380 3388 406 3417 ⁸
434 3380 498 3431 L.
515 3380 710 3444 Apicii
805 3380 818 3395 '
965 3378 1231 3441 tribunus,
1308 3392 1424 3428 can
1465 3380 1566 3430 boc
1606 3380 1727 3431 loco
1770 3379 1871 3431 sub
1912 3380 2120 3430 nornine
2156 3380 2225 3432 0.

312 3398 870 3508 aesnaaePAEm-iiiffle
885 3443 1122 3508 profecto
1136 3444 1228 3494 sli-
1309 3444 1576 3495 Numidici
1622 3444 1876 3515 obtrudit,
1915 3454 2126 3495 secutus
2166 3444 2225 3495 fl·

311 3510 437 3575 quid
479 3507 822 3573 desideratur,
862 3512 942 3559 vel
973 3510 1227 3572 deprava·
1307 3508 1425 3558 dem
1449 3510 1628 3560 Gellii.
1680 3508 1821 3573 Jam,
1859 3511 1905 3559 si
1941 3518 2225 3576 quaeratur‚

315 3584 428 3627 tusi
471 3584 572 3625 cst.
651 3576 902 3625 Meteilus
943 3588 976 3623 a
1016 3575 1227 3625 tribuno
1306 3575 1472 3625 utrius
1497 3576 1671 3639 potior
1692 3575 1931 3625 habenda
1952 3578 2021 3625 sit
2048 3577 2143 3625 bac
2171 3575 2225 3625 ia

352 3640 483 3689 lebis
505 3640 566 3691 1..
587 3638 815 3704 Apuleio
839 3640 1012 3704 pulsus
1036 3640 1088 3689 in
1114 3640 1227 3689 exi·
1305 3653 1363 3689 re
1400 3640 1700 3695 auctoritas,
1739 3640 1969 3693 Gelliiue
1997 3655 2065 3690 an
2100 3641 2225 3705 Epi·

311 3655 440 3755 iiam
465 3711 582 3754 este
621 3720 654 3755 a
683 3706 749 3755 Ρ.
771 3704 946 3762 Furio,
978 3704 1068 3770 qui
1091 3718 1226 3754 anuo
1307 3710 1472 3755 tomes
1504 3705 1753 3761 Hvianae,
1789 3706 2008 3755 inclinat
2029 3720 2093 3755 eo
2115 3704 2224 3755 ani-

312 3769 795 3885 ξὲἑῗὲὥῗῗέἳῗὲἑ
813 3768 1226 3885 ἓῗῗέεῗκῖἕῆἒῖ·
1307 3770 1915 3885 maxima?
1935 3770 2223 3884 &⁰:532ss

313 3913 428 3999 seq.
453 3914 499 3949 c.
515 3902 596 3948 ⁴⁰,
633 3900 774 3949 Creo.
1309 3898 1578 3964 Livioipso
1595 3850 1952 3961 preiculdulii‘d
1962 3900 2223 3951 baiiserat.

431 3964 710 4014 Orationem
727 3966 794 4015 ud
809 3962 1030 4027 populum
1047 3964 1108 4013 de
1125 3978 1225 4011 su-
1310 3964 1512 4013 Livium
1533 3972 1731 4021 autem,
1762 3971 1953 4015 testem
1987 3966 2137 4014 leem
2160 3966 2223 4014 il-

310 4029 526 4079 vitandis
539 4028 782 4079 ordinibus
803 4059 818 4075 .
837 4062 853 4079 .
877 4062 892 4077 .
913 4026 1103 4093 habuit]
1125 4028 1230 4078 Hic
1307 4028 1406 4077 lius
1430 4030 1677 4079 orationis
1711 4030 1777 4080 ab
1798 4027 2057 4093 Augusto,
2090 4028 2221 4078 veri-

317 4092 702 4143 Freinshemius
727 4093 931 4143 videtur
962 4094 1126 4142 solite
1148 4093 1230 4142 di·
1308 4092 1474 4143 simile
1507 4110 1608 4144 ιιοιι
1649 4102 1731 4143 est
1763 4094 1817 4143 iu
1853 4096 1966 4157 ejus
2006 4099 2219 4143 auctore

309 4160 548 4224 ligentiac
571 4160 857 4211 immemor.
905 4157 1074 4208 Quam
1092 4158 1228 4207 enim
1308 4172 1526 4209 errasse.
1563 4160 1689 4209 Duo
1706 4160 1927 4223 insignia
1948 4158 2085 4207 illins
2105 4172 2219 4208 ora·

313 4226 599 4274 orationem
637 4223 773 4273 libro
805 4234 919 4273 mx.
949 4236 998 4271 c.
1030 4226 1113 4272 ⁶8.
1161 4223 1228 4274 Q.
1308 4224 1467 4274 tionis
1499 4222 1797 4288 fragmenta
1830 4238 1896 4273 ex
1918 4223 2091 4275 Gellio
2126 4238 2218 4271 ex·

315 4290 540 4340 Metello
552 4286 896 4338 Macedonico
910 4284 1117 4349 tribuit,
1138 4286 1228 4337 cb·
1306 4288 1604 4354 scripsimus
1643 4290 1697 4339 in
1732 4288 1786 4342 N
1790 4294 1877 4340 ota
1909 4288 1975 4338 ad
1999 4300 2114 4339 mx.
2135 4292 2220 4339 58.

315 4363 528 4406 secutus
545 4354 804 4418 Epitomae
823 4352 956 4403 illim
969 4352 1230 4411 nix-libri,
1313 4354 1456 4405 cm.
