3225 5242
676 477 853 574 4122

663 2588 776 2642 voJ.
802 2588 937 2638 Max.

698 2655 847 2704 Auct.
869 2653 932 2702 de

663 2719 769 2768 vir.
784 2719 966 2768 Illustr-

663 2785 797 2834 ven.
814 2800 873 2833 n.
895 2788 946 2833 ⁸.

666 2849 775 2899 Liv.
797 2848 929 2913 Epit.

658 2913 879 3031 ssffim

1518 550 1525 558 -
1636 522 1708 572 Τ.
1755 522 1946 574 lell

974 684 1127 728 ‘rum
1158 685 1306 729 cns.
1386 663 1636 728 Scilicet
1672 666 2038 728 inconditum
2077 665 2194 728 hoc
2227 663 2462 746 vulgus,
2501 673 2568 728 et
2603 665 2896 734 viatorum

992 762 1197 824 baculi
1234 783 1357 824 rem
1398 771 1626 824 tantam
1665 763 2031 825 conficient?
2070 772 2133 825 et
2151 764 2274 837 hic,
2309 784 2736 845 quemcumque
2761 773 2896 824 tan-

993 859 1133 922 dem
1172 860 1361 922 videri
1398 859 1491 920 fas
1528 870 1644 934 est,
1679 861 1856 922 homo
1893 869 2055 924 certe
2081 880 2198 926 non
2223 869 2434 922 excors
2457 881 2648 942 neque
2673 859 2896 934 fatuus,

993 957 1329 1038 cogitabit?

1078 1061 1180 1116 56.
1224 1063 1242 1092 ‘
1264 1053 1443 1114 Certe
1472 1052 1697 1135 Scipio,
1725 1053 1816 1114 vir
1837 1052 2194 1116 clarissimus
2217 1055 2539 1135 patriaeque
2565 1053 2900 1114 amantini-

993 1171 1145 1222 mus,
1166 1150 1345 1212 modo
1364 1150 1497 1212 tolli
1522 1171 1660 1212 eum
1685 1151 1964 1211 continuo
1979 1152 2256 1230 jubebat.
2321 1149 2507 1218 Quod
2533 1151 2580 1209 si
2607 1152 2899 1229 integrum

990 1255 1083 1310 cst
1106 1247 1324 1320 facere,
1344 1255 1502 1308 certe
1526 1267 1646 1306 non
1672 1267 1748 1307 ea
1771 1248 2037 1329 potentia
2057 1246 2318 1309 Gracchi
2331 1255 2453 1322 est,
2479 1255 2547 1307 ut
2569 1246 2900 1327 periculum

990 1345 1091 1416 sit,
1118 1363 1192 1404 ne
1218 1343 1552 1426 respublica.
1593 1364 1698 1424 per
1735 1361 1871 1404 eum
1910 1344 2290 1425 opprimatur.
2373 1343 2596 1424 Neque
2627 1342 2899 1414 dubium,

991 1441 1045 1502 si
1082 1443 1267 1522 posit
1302 1441 1478 1502 armis
1508 1440 1786 1522 opprimi,
1812 1440 1994 1500 etiam
2027 1440 2105 1500 ad
2139 1461 2378 1501 causam
2401 1439 2716 1502 dicendam
2739 1440 2898 1518 cogi,

991 1537 1299 1618 modisque
1338 1537 1495 1611 aliis,
1538 1536 1745 1617 quales
1783 1539 1926 1616 jura
1963 1537 2224 1600 civitatis
2266 1537 2593 1618 patiuntur,
2639 1536 2900 1598 coerceri

1004 1809 1013 1818 ·
1073 1737 1175 1795 57.
1218 1739 1237 1768 ‘
1264 1729 1450 1812 Apud
1476 1732 1730 1812 majores
1755 1739 1980 1792 nostros
2003 1731 2208 1792 multae
2237 1751 2278 1792 a
2309 1732 2560 1792 tribunis
2581 1729 2900 1790 seditiones

990 1835 1168 1888 motae
1206 1836 1379 1888 sunt:
1420 1846 1531 1888 nec
1570 1847 1832 1908 unquam
1871 1847 1944 1888 eo
1979 1826 2308 1900 decursum,
2350 1837 2418 1888 ut
2455 1826 2680 1888 indicta
2716 1847 2902 1890 causa
2941 1819 2954 1826 ’

991 1923 1442 1986 trucidarentur.
1526 1923 1787 1995 Idcirco,
1829 1922 1989 2004 quod
2035 1943 2224 2004 neque
2263 1924 2706 2005 sapientissimis
2743 1923 2899 2004 opti·

990 2020 1217 2100 misque
1250 2021 1387 2082 viris
1424 2020 1672 2102 placuit,
1708 2040 1900 2102 neque
1939 2020 2170 2099 legibus
2191 2021 2535 2102 permissum
2557 2028 2672 2092 est,
2697 2019 2758 2080 id
2785 2039 2899 2098 ego

988 2137 1083 2176 me
1124 2115 1415 2178 facturum
1455 2137 1628 2196 nego.
1713 2090 1994 2178 deterum
2029 2118 2078 2178 si
2103 2116 2249 2198 quid
2289 2127 2496 2179 contra
2533 2117 2694 2196 leges
2715 2116 2898 2177 Tibe-

990 2214 1112 2274 rius
1136 2213 1365 2286 fecerit,
1394 2213 1457 2274 id
1484 2232 1676 2294 neque
1700 2221 1892 2274 ratum
1917 2214 2174 2285 habebo,
2201 2224 2264 2274 et
2289 2214 2450 2294 quod
2473 2222 2710 2274 senatus
2735 2233 2898 2276 more

992 2329 1066 2370 ac
1092 2310 1223 2390 lege
1248 2311 1539 2372 censuerit
1572 2311 1660 2371 ita
1699 2331 1981 2391 exequar,
2021 2318 2089 2370 ut
2121 2331 2324 2371 omnes
2357 2311 2635 2382 sentiant,
2659 2311 2898 2392 reipub-

993 2406 1127 2468 licae
1176 2407 1523 2488 diligentem
1573 2417 1754 2490 atque
1813 2408 1994 2468 etiam
2045 2405 2268 2468 fortem*
2303 2407 2602 2468 consulem
2653 2407 2898 2470 minime

988 2501 1284 2566 defuisse!

1072 2607 1173 2664 58.
1216 2601 1341 2662 His
1364 2599 1607 2672 auditis,
1632 2599 1915 2662 exsiliens
1950 2599 2206 2672 Nasica,
2233 2599 2622 2681 dextramque
2657 2599 2898 2674 tollens,

991 2705 1010 2733 ‘
1030 2697 1381 2771 Quoniam:
1421 2699 1638 2778 inquit,
1682 2707 1700 2734 ‘
1719 2697 1946 2769 consul,
1973 2698 2114 2758 dum
2142 2697 2298 2776 juris
2321 2696 2586 2758 ordinem
2609 2699 2897 2778 sequitur,

988 2795 1051 2856 id
1074 2797 1201 2875 agit
1224 2805 1291 2856 ut
1314 2816 1449 2857 cum
1474 2796 1747 2857 omnibus
1770 2793 1996 2873 legibus
2037 2795 2378 2856 Romanum
2419 2795 2728 2876 imperium
2763 2816 2897 2857 cor-

987 2903 1144 2964 ruat,
1196 2894 1300 2974 qui
1350 2893 1780 2975 rempublicam
1827 2893 2056 2954 salvam
2107 2891 2340 2963 volunt,
2391 2911 2486 2952 me
2535 2894 2897 2974 sequantur!

990 2988 1115 3050 His
1138 2989 1315 3053 dictis
1338 2991 1555 3052 lacinia
1578 2999 1764 3072 caput
1789 2989 2114 3051 obvolvens
2147 2990 2310 3049 ibat:
2351 2989 2706 3068 sequebatur
2738 2991 2896 3071 opti-

986 3089 1233 3148 matium
1270 3108 1503 3167 agmen,
1530 3088 1684 3167 togis
1721 3088 1955 3148 sinistro
1989 3086 2234 3146 brachio
2261 3084 2661 3157 circumdatis,
2687 3086 2898 3147 obvios

987 3204 1269 3264 quosque·
1304 3184 1648 3264 disjiciens:
1701 3185 1920 3265 quippe
1966 3183 2313 3262 dignitatem
2353 3183 2610 3243 virorum
2661 3183 2898 3243 reveriti

910 3356 915 3362 Ι
988 3280 1256 3340 homines
1284 3301 1399 3341 non
1442 3281 1812 3352 resistebant,
1839 3279 1944 3340 sed
1971 3300 2094 3360 qua
2117 3279 2367 3360 quisque
2403 3287 2634 3360 poterat
2663 3299 2726 3339 se
2761 3300 2895 3359 pro-

991 3376 1291 3457 ripientes,
1318 3377 1515 3438 locum
1542 3377 1770 3437 dabant
1793 3377 2113 3437 ruentibus.
2195 3375 2292 3436 At
2327 3374 2417 3435 illi
2453 3376 2636 3457 raptis
2667 3376 2895 3436 subsel-

990 3473 1203 3534 liorum
1244 3474 1606 3554 fragmentis,
1653 3495 1789 3535 nam
1837 3473 2116 3534 subsellia
2155 3471 2344 3532 multa
2382 3471 2662 3551 fugientis
2705 3473 2896 3534 turbae

986 3571 1243 3652 impetus
1277 3581 1537 3653 ruperat,
1576 3571 1878 3634 Tiberium
1915 3573 2223 3652 petebant,
2248 3570 2532 3631 clientum
2567 3571 2895 3652 mancipio-

986 3689 1231 3750 rumque
1272 3668 1674 3742 multitudine‚
1720 3691 1856 3732 cum
1895 3667 2137 3729 sudibus
2179 3678 2242 3729 et
2278 3668 2488 3738 clavis,
2526 3688 2674 3748 quas
2715 3667 2894 3729 domo

990 3766 1331 3838 attulerant,
1378 3769 1716 3828 comitante.
1799 3766 2057 3847 Jamque
2104 3764 2269 3825 caede
2319 3765 2626 3825 obviorum
2673 3773 2894 3847 coepta,

986 3873 1157 3926 tanto
1194 3865 1473 3926 intentius
1510 3866 1690 3925 ceteri
1728 3863 1950 3942 fugere,
1977 3882 2113 3924 cum
2140 3863 2200 3921 in
2227 3863 2400 3922 turba
2436 3860 2732 3935 Tiberius,
2758 3883 2894 3923 cum

664 3961 805 4012 Oros.
824 3980 873 4016 v.
894 3969 946 4016 ο.
976 3963 1111 4041 jam
1133 3962 1743 4044 comprehenderetur,
1769 3961 2012 4022 dimissa
2049 3969 2189 4038 toga
2227 3959 2523 4020 tunicatus
2546 3959 2734 4020 effuso
2757 3981 2891 4020 cur-

665 4027 800 4081 Plnt.

987 4081 1079 4130 su,
1118 4081 1223 4141 per
1260 4060 1475 4139 gradus
1505 4062 1609 4141 qui
1649 4069 1789 4120 sunt
1820 4079 1996 4141 super
2023 4057 2414 4139 Calpurnium
2441 4055 2725 4117 fornicem
2760 4058 2893 4118 abi-

988 4158 1117 4230 bat,
1163 4158 1223 4217 ni
1258 4159 1601 4238 corporibus
1635 4157 1970 4239 ⁸iacentium
2003 4155 2394 4216 retinentibus
2435 4175 2746 4236 oppressus
2785 4176 2890 4218 ne-

988 4263 1270 4335 catusque
1306 4263 1478 4315 esset.

1070 4358 1171 4414 59.
1214 4349 1409 4413 Haud
1430 4351 1708 4433 equidem
1740 4349 2086 4415 crediderim
2111 4347 2360 4412 Nasicae
2385 4368 2560 4410 manu
2585 4349 2890 4424 cecidisse,
