<?xml version="1.0" encoding="UTF-8"?>
<!DOCTYPE html PUBLIC "-//W3C//DTD XHTML 1.0 Transitional//EN"
    "http://www.w3.org/TR/xhtml1/DTD/xhtml1-transitional.dtd">
<html xmlns="http://www.w3.org/1999/xhtml" xml:lang="en" lang="en">
 <head>
  <title>
</title>
<meta http-equiv="Content-Type" content="text/html;charset=utf-8" />
  <meta name='ocr-system' content='tesseract 3.04.00' />
  <meta name='ocr-capabilities' content='ocr_page ocr_carea ocr_par ocr_line ocrx_word'/>
</head>
<body>
  <div class='ocr_page' id='page_1' title='image "./tliviipatavinih36unkngoog_0326.png"; bbox 0 0 3225 5242; ppageno 0'>
   <div class='ocr_carea' id='block_1_1' title="bbox 661 526 839 593">
    <p class='ocr_par' dir='ltr' id='par_1_1' title="bbox 661 526 839 593">
     <span class='ocr_line' id='line_1_1' title="bbox 661 526 839 593; baseline 0 0"><span class='ocrx_word' id='word_1_1' title='bbox 661 526 839 593; x_wconf 77' lang='lat'><strong>4272</strong></span> 
     </span>
    </p>
   </div>
   <div class='ocr_carea' id='block_1_2' title="bbox 1011 536 2548 591">
    <p class='ocr_par' dir='ltr' id='par_1_2' title="bbox 1011 536 2548 591">
     <span class='ocr_line' id='line_1_2' title="bbox 1011 536 2548 591; baseline -0.004 0"><span class='ocrx_word' id='word_1_2' title='bbox 1011 540 1083 591; x_wconf 82' lang='grc' dir='ltr'><strong>Τ.</strong></span> <span class='ocrx_word' id='word_1_3' title='bbox 1129 538 1322 590; x_wconf 79' lang='lat' dir='ltr'><strong>mvn</strong></span> <span class='ocrx_word' id='word_1_4' title='bbox 1373 538 1580 589; x_wconf 76' lang='lat' dir='ltr'><strong>unm</strong></span> <span class='ocrx_word' id='word_1_5' title='bbox 1635 538 1851 589; x_wconf 75' lang='lat' dir='ltr'><strong>LXIV</strong></span> <span class='ocrx_word' id='word_1_6' title='bbox 1897 536 2548 590; x_wconf 57' lang='lat' dir='ltr'><strong>surranumwum</strong></span> 
     </span>
    </p>
   </div>
   <div class='ocr_carea' id='block_1_3' title="bbox 694 681 2897 765">
    <p class='ocr_par' dir='ltr' id='par_1_3' title="bbox 694 681 2897 765">
     <span class='ocr_line' id='line_1_3' title="bbox 694 681 2897 765; baseline 0.001 -23"><span class='ocrx_word' id='word_1_7' title='bbox 694 684 804 737; x_wconf 71' lang='lat' dir='ltr'><strong>Cic·</strong></span> <span class='ocrx_word' id='word_1_8' title='bbox 842 684 966 735; x_wconf 75' lang='lat' dir='ltr'><strong>Bm·</strong></span> <span class='ocrx_word' id='word_1_9' title='bbox 991 702 1103 765; x_wconf 78' lang='lat' dir='ltr'><strong>pua</strong></span> <span class='ocrx_word' id='word_1_10' title='bbox 1137 682 1464 765; x_wconf 74' lang='lat' dir='ltr'><strong>poetularet</strong></span> <span class='ocrx_word' id='word_1_11' title='bbox 1499 682 1721 764; x_wconf 84' lang='lat' dir='ltr'><strong>pariter</strong></span> <span class='ocrx_word' id='word_1_12' title='bbox 1748 684 2009 764; x_wconf 78' lang='lat' dir='ltr'><strong>promtis.</strong></span> <span class='ocrx_word' id='word_1_13' title='bbox 2096 682 2291 763; x_wconf 83' lang='lat' dir='ltr'><strong>Igitur</strong></span> <span class='ocrx_word' id='word_1_14' title='bbox 2328 702 2465 745; x_wconf 86' lang='lat' dir='ltr'><strong>cnm</strong></span> <span class='ocrx_word' id='word_1_15' title='bbox 2484 681 2565 745; x_wconf 90' lang='lat' dir='ltr'><strong>de</strong></span> <span class='ocrx_word' id='word_1_16' title='bbox 2590 681 2897 763; x_wconf 81' lang='lat' dir='ltr'><strong>republica</strong></span> 
     </span>
    </p>
   </div>
   <div class='ocr_carea' id='block_1_4' title="bbox 663 754 900 815">
    <p class='ocr_par' dir='ltr' id='par_1_4' title="bbox 663 754 900 815">
     <span class='ocr_line' id='line_1_4' title="bbox 663 754 900 815; baseline 0 -14"><span class='ocrx_word' id='word_1_17' title='bbox 663 758 779 815; x_wconf 75' lang='lat' dir='ltr'><strong>to‚c</strong></span> <span class='ocrx_word' id='word_1_18' title='bbox 750 754 900 802; x_wconf 52' lang='lat' dir='ltr'><strong>aas.</strong></span> 
     </span>
    </p>
   </div>
   <div class='ocr_carea' id='block_1_5' title="bbox 663 978 916 1096">
    <p class='ocr_par' dir='ltr' id='par_1_5' title="bbox 663 978 916 1096">
     <span class='ocr_line' id='line_1_5' title="bbox 663 978 916 1096; baseline 0.008 -2"><span class='ocrx_word' id='word_1_19' title='bbox 663 978 916 1096; x_wconf 56' lang='lat' dir='ltr'><strong>cffim</strong></span> 
     </span>
    </p>
   </div>
   <div class='ocr_carea' id='block_1_6' title="bbox 668 1110 852 1160">
    <p class='ocr_par' dir='ltr' id='par_1_6' title="bbox 668 1110 852 1160">
     <span class='ocr_line' id='line_1_6' title="bbox 668 1110 852 1160; baseline 0.012 -1"><span class='ocrx_word' id='word_1_20' title='bbox 668 1110 852 1160; x_wconf 70' lang='lat' dir='ltr'><strong>Ancon.</strong></span> 
     </span>
    </p>
   </div>
   <div class='ocr_carea' id='block_1_7' title="bbox 664 1274 781 1326">
    <p class='ocr_par' dir='ltr' id='par_1_7' title="bbox 664 1274 781 1326">
     <span class='ocr_line' id='line_1_7' title="bbox 664 1274 781 1326; baseline 0.009 -1"><span class='ocrx_word' id='word_1_21' title='bbox 664 1274 781 1326; x_wconf 67' lang='lat' dir='ltr'><strong>suu.</strong></span> 
     </span>
    </p>
   </div>
   <div class='ocr_carea' id='block_1_8' title="bbox 667 1762 818 1911">
    <p class='ocr_par' dir='ltr' id='par_1_8' title="bbox 667 1762 818 1911">
     <span class='ocr_line' id='line_1_8' title="bbox 667 1762 814 1811; baseline 0.014 -2"><span class='ocrx_word' id='word_1_22' title='bbox 667 1775 712 1809; x_wconf 87' lang='lat' dir='ltr'><strong>c.</strong></span> <span class='ocrx_word' id='word_1_23' title='bbox 732 1762 814 1811; x_wconf 73' lang='grc'><strong>61).</strong></span> 
     </span>
     <span class='ocr_line' id='line_1_9' title="bbox 668 1861 818 1911; baseline 0.027 -4"><span class='ocrx_word' id='word_1_24' title='bbox 668 1873 715 1907; x_wconf 84' lang='lat' dir='ltr'><strong>c.</strong></span> <span class='ocrx_word' id='word_1_25' title='bbox 736 1861 818 1911; x_wconf 71' lang='lat'><strong>4³.</strong></span> 
     </span>
    </p>
   </div>
   <div class='ocr_carea' id='block_1_9' title="bbox 991 780 2893 1058">
    <p class='ocr_par' dir='ltr' id='par_1_9' title="bbox 991 780 2892 1058">
     <span class='ocr_line' id='line_1_10' title="bbox 993 780 2892 862; baseline -0.001 -20"><span class='ocrx_word' id='word_1_26' title='bbox 993 782 1248 862; x_wconf 79' lang='lat' dir='ltr'><strong>graviter</strong></span> <span class='ocrx_word' id='word_1_27' title='bbox 1273 789 1665 861; x_wconf 69' lang='lat' dir='ltr'><strong>accurateque</strong></span> <span class='ocrx_word' id='word_1_28' title='bbox 1695 782 1877 842; x_wconf 82' lang='lat' dir='ltr'><strong>verba</strong></span> <span class='ocrx_word' id='word_1_29' title='bbox 1916 780 2217 853; x_wconf 70' lang='lat' dir='ltr'><strong>fecissent,</strong></span> <span class='ocrx_word' id='word_1_30' title='bbox 2242 780 2481 848; x_wconf 68' lang='lat' dir='ltr'><strong>milites,</strong></span> <span class='ocrx_word' id='word_1_31' title='bbox 2506 789 2892 853; x_wconf 68' lang='lat' dir='ltr'><strong>commeatus,</strong></span> 
     </span>
     <span class='ocr_line' id='line_1_11' title="bbox 991 875 2893 959; baseline -0.001 -20"><span class='ocrx_word' id='word_1_32' title='bbox 991 887 1194 939; x_wconf 88' lang='lat' dir='ltr'><strong>cetera</strong></span> <span class='ocrx_word' id='word_1_33' title='bbox 1219 898 1356 959; x_wconf 78' lang='lat' dir='ltr'><strong>quae</strong></span> <span class='ocrx_word' id='word_1_34' title='bbox 1379 878 1608 940; x_wconf 76' lang='lat' dir='ltr'><strong>militiae</strong></span> <span class='ocrx_word' id='word_1_35' title='bbox 1632 898 1773 939; x_wconf 82' lang='lat' dir='ltr'><strong>usus</strong></span> <span class='ocrx_word' id='word_1_36' title='bbox 1788 877 2109 951; x_wconf 72' lang='lat' dir='ltr'><strong>desiderat,</strong></span> <span class='ocrx_word' id='word_1_37' title='bbox 2126 878 2449 939; x_wconf 70' lang='lat' dir='ltr'><strong>liberaliter</strong></span> <span class='ocrx_word' id='word_1_38' title='bbox 2466 875 2893 939; x_wconf 86' lang='lat' dir='ltr'><strong>decernuntur.</strong></span> 
     </span>
     <span class='ocr_line' id='line_1_12' title="bbox 993 974 2891 1058; baseline -0.001 -20"><span class='ocrx_word' id='word_1_39' title='bbox 993 984 1059 1038; x_wconf 86' lang='lat' dir='ltr'><strong>et</strong></span> <span class='ocrx_word' id='word_1_40' title='bbox 1081 996 1158 1037; x_wconf 88' lang='lat' dir='ltr'><strong>ne</strong></span> <span class='ocrx_word' id='word_1_41' title='bbox 1183 975 1330 1058; x_wconf 90' lang='lat' dir='ltr'><strong>quid</strong></span> <span class='ocrx_word' id='word_1_42' title='bbox 1365 996 1615 1056; x_wconf 79' lang='lat' dir='ltr'><strong>usquam</strong></span> <span class='ocrx_word' id='word_1_43' title='bbox 1656 976 1831 1037; x_wconf 81' lang='lat' dir='ltr'><strong>rebus</strong></span> <span class='ocrx_word' id='word_1_44' title='bbox 1855 974 2129 1056; x_wconf 76' lang='lat' dir='ltr'><strong>gerundis</strong></span> <span class='ocrx_word' id='word_1_45' title='bbox 2162 975 2582 1057; x_wconf 83' lang='lat' dir='ltr'><strong>impedimento</strong></span> <span class='ocrx_word' id='word_1_46' title='bbox 2606 986 2782 1049; x_wconf 76' lang='lat' dir='ltr'><strong>esset,</strong></span> <span class='ocrx_word' id='word_1_47' title='bbox 2807 977 2891 1037; x_wconf 91' lang='lat' dir='ltr'><strong>le-</strong></span> 
     </span>
    </p>
   </div>
   <div class='ocr_carea' id='block_1_10' title="bbox 913 1062 2891 1155">
    <p class='ocr_par' dir='ltr' id='par_1_10' title="bbox 913 1062 2891 1155">
     <span class='ocr_line' id='line_1_13' title="bbox 913 1062 2891 1155; baseline 0 -21"><span class='ocrx_word' id='word_1_48' title='bbox 913 1062 968 1113; x_wconf 75' lang='grc' dir='ltr'><strong>Ρ</strong></span> <span class='ocrx_word' id='word_1_49' title='bbox 993 1093 1095 1153; x_wconf 74' lang='lat' dir='ltr'><strong>gea</strong></span> <span class='ocrx_word' id='word_1_50' title='bbox 1133 1072 1385 1154; x_wconf 86' lang='lat' dir='ltr'><strong>aliquot,</strong></span> <span class='ocrx_word' id='word_1_51' title='bbox 1421 1094 1556 1155; x_wconf 75' lang='lat' dir='ltr'><strong>quae</strong></span> <span class='ocrx_word' id='word_1_52' title='bbox 1605 1072 1683 1133; x_wconf 90' lang='lat' dir='ltr'><strong>de</strong></span> <span class='ocrx_word' id='word_1_53' title='bbox 1722 1073 2021 1155; x_wconf 79' lang='lat' dir='ltr'><strong>stipendio</strong></span> <span class='ocrx_word' id='word_1_54' title='bbox 2058 1072 2313 1133; x_wconf 87' lang='lat' dir='ltr'><strong>militum</strong></span> <span class='ocrx_word' id='word_1_55' title='bbox 2356 1091 2479 1134; x_wconf 76' lang='lat' dir='ltr'><strong>aera</strong></span> <span class='ocrx_word' id='word_1_56' title='bbox 2526 1074 2891 1145; x_wconf 80' lang='lat' dir='ltr'><strong>minuebant,</strong></span> 
     </span>
    </p>
   </div>
   <div class='ocr_carea' id='block_1_11' title="bbox 989 1169 2898 2321">
    <p class='ocr_par' dir='ltr' id='par_1_11' title="bbox 989 1169 2898 1643">
     <span class='ocr_line' id='line_1_14' title="bbox 992 1169 2891 1251; baseline 0 -20"><span class='ocrx_word' id='word_1_57' title='bbox 992 1170 1192 1233; x_wconf 82' lang='lat' dir='ltr'><strong>aliove</strong></span> <span class='ocrx_word' id='word_1_58' title='bbox 1213 1192 1336 1251; x_wconf 91' lang='lat' dir='ltr'><strong>quo</strong></span> <span class='ocrx_word' id='word_1_59' title='bbox 1359 1169 1537 1231; x_wconf 87' lang='lat' dir='ltr'><strong>modo</strong></span> <span class='ocrx_word' id='word_1_60' title='bbox 1562 1170 1829 1231; x_wconf 74' lang='lat' dir='ltr'><strong>adveraae</strong></span> <span class='ocrx_word' id='word_1_61' title='bbox 1852 1170 2183 1231; x_wconf 79' lang='lat' dir='ltr'><strong>delectibus</strong></span> <span class='ocrx_word' id='word_1_62' title='bbox 2206 1178 2399 1243; x_wconf 88' lang='lat' dir='ltr'><strong>erant,</strong></span> <span class='ocrx_word' id='word_1_63' title='bbox 2424 1178 2665 1231; x_wconf 86' lang='lat' dir='ltr'><strong>auctore</strong></span> <span class='ocrx_word' id='word_1_64' title='bbox 2688 1182 2891 1231; x_wconf 78' lang='lat' dir='ltr'><strong>senatu</strong></span> 
     </span>
     <span class='ocr_line' id='line_1_15' title="bbox 991 1266 2895 1349; baseline 0 -21"><span class='ocrx_word' id='word_1_65' title='bbox 991 1268 1368 1348; x_wconf 81' lang='lat' dir='ltr'><strong>abrogantur.</strong></span> <span class='ocrx_word' id='word_1_66' title='bbox 1454 1266 1659 1328; x_wconf 86' lang='lat' dir='ltr'><strong>Etiam</strong></span> <span class='ocrx_word' id='word_1_67' title='bbox 1684 1268 1829 1328; x_wconf 78' lang='lat' dir='ltr'><strong>socii</strong></span> <span class='ocrx_word' id='word_1_68' title='bbox 1854 1276 2097 1328; x_wconf 76' lang='lat' dir='ltr'><strong>senatus</strong></span> <span class='ocrx_word' id='word_1_69' title='bbox 2112 1267 2433 1349; x_wconf 84' lang='lat' dir='ltr'><strong>populique</strong></span> <span class='ocrx_word' id='word_1_70' title='bbox 2456 1266 2719 1328; x_wconf 73' lang='lat' dir='ltr'><strong>Romani</strong></span> <span class='ocrx_word' id='word_1_71' title='bbox 2728 1269 2895 1347; x_wconf 69' lang='lat' dir='ltr'><strong>juaea</strong></span> 
     </span>
     <span class='ocr_line' id='line_1_16' title="bbox 993 1364 2892 1446; baseline -0.001 -20"><span class='ocrx_word' id='word_1_72' title='bbox 993 1385 1110 1426; x_wconf 86' lang='lat' dir='ltr'><strong>non</strong></span> <span class='ocrx_word' id='word_1_73' title='bbox 1147 1374 1522 1446; x_wconf 84' lang='lat' dir='ltr'><strong>exequuntur</strong></span> <span class='ocrx_word' id='word_1_74' title='bbox 1555 1374 1787 1426; x_wconf 83' lang='lat' dir='ltr'><strong>tantum</strong></span> <span class='ocrx_word' id='word_1_75' title='bbox 1824 1364 2122 1435; x_wconf 77' lang='lat' dir='ltr'><strong>alacriter,</strong></span> <span class='ocrx_word' id='word_1_76' title='bbox 2160 1364 2265 1425; x_wconf 78' lang='lat' dir='ltr'><strong>sed</strong></span> <span class='ocrx_word' id='word_1_77' title='bbox 2302 1384 2461 1446; x_wconf 57' lang='grc' dir='ltr'><strong>πρε</strong></span> <span class='ocrx_word' id='word_1_78' title='bbox 2498 1374 2892 1438; x_wconf 79' lang='lat' dir='ltr'><strong>antevertunt,</strong></span> 
     </span>
     <span class='ocr_line' id='line_1_17' title="bbox 989 1460 2898 1543; baseline -0.001 -17"><span class='ocrx_word' id='word_1_79' title='bbox 989 1482 1130 1527; x_wconf 86' lang='lat' dir='ltr'><strong>cum</strong></span> <span class='ocrx_word' id='word_1_80' title='bbox 1153 1472 1219 1523; x_wconf 91' lang='lat' dir='ltr'><strong>et</strong></span> <span class='ocrx_word' id='word_1_81' title='bbox 1241 1482 1452 1523; x_wconf 86' lang='lat' dir='ltr'><strong>nomen</strong></span> <span class='ocrx_word' id='word_1_82' title='bbox 1471 1482 1646 1523; x_wconf 86' lang='lat' dir='ltr'><strong>omne</strong></span> <span class='ocrx_word' id='word_1_83' title='bbox 1667 1462 1945 1524; x_wconf 84' lang='lat' dir='ltr'><strong>Latinum</strong></span> <span class='ocrx_word' id='word_1_84' title='bbox 1969 1460 2291 1542; x_wconf 84' lang='lat' dir='ltr'><strong>Italicique</strong></span> <span class='ocrx_word' id='word_1_85' title='bbox 2310 1462 2456 1523; x_wconf 75' lang='lat' dir='ltr'><strong>socii</strong></span> <span class='ocrx_word' id='word_1_86' title='bbox 2476 1470 2691 1543; x_wconf 77' lang='lat' dir='ltr'><strong>praesto</strong></span> <span class='ocrx_word' id='word_1_87' title='bbox 2704 1473 2898 1524; x_wconf 64' lang='lat' dir='ltr'><strong>esent</strong></span> 
     </span>
     <span class='ocr_line' id='line_1_18' title="bbox 993 1558 2666 1643; baseline 0 -21"><span class='ocrx_word' id='word_1_88' title='bbox 993 1560 1073 1622; x_wconf 78' lang='lat' dir='ltr'><strong>ad</strong></span> <span class='ocrx_word' id='word_1_89' title='bbox 1097 1561 1367 1643; x_wconf 82' lang='lat' dir='ltr'><strong>imperia,</strong></span> <span class='ocrx_word' id='word_1_90' title='bbox 1393 1568 1456 1620; x_wconf 91' lang='lat' dir='ltr'><strong>et</strong></span> <span class='ocrx_word' id='word_1_91' title='bbox 1480 1561 1558 1620; x_wconf 90' lang='lat' dir='ltr'><strong>ab</strong></span> <span class='ocrx_word' id='word_1_92' title='bbox 1584 1560 1823 1639; x_wconf 80' lang='lat' dir='ltr'><strong>regibus</strong></span> <span class='ocrx_word' id='word_1_93' title='bbox 1848 1560 2079 1621; x_wconf 86' lang='lat' dir='ltr'><strong>auxilia</strong></span> <span class='ocrx_word' id='word_1_94' title='bbox 2103 1558 2261 1621; x_wconf 88' lang='lat' dir='ltr'><strong>ultro</strong></span> <span class='ocrx_word' id='word_1_95' title='bbox 2278 1560 2666 1622; x_wconf 84' lang='lat' dir='ltr'><strong>mitterentur.</strong></span> 
     </span>
    </p>

    <p class='ocr_par' dir='ltr' id='par_1_12' title="bbox 992 1655 2897 2321">
     <span class='ocr_line' id='line_1_19' title="bbox 1071 1655 2892 1737; baseline -0.001 -19"><span class='ocrx_word' id='word_1_96' title='bbox 1071 1664 1175 1721; x_wconf 78' lang='lat'><strong>57.</strong></span> <span class='ocrx_word' id='word_1_97' title='bbox 1219 1656 1322 1717; x_wconf 87' lang='lat' dir='ltr'><strong>Ita</strong></span> <span class='ocrx_word' id='word_1_98' title='bbox 1347 1655 1433 1723; x_wconf 84' lang='lat' dir='ltr'><strong>Q.</strong></span> <span class='ocrx_word' id='word_1_99' title='bbox 1463 1656 1774 1728; x_wconf 77' lang='lat' dir='ltr'><strong>Metellus,</strong></span> <span class='ocrx_word' id='word_1_100' title='bbox 1800 1656 2037 1719; x_wconf 86' lang='lat' dir='ltr'><strong>delectu</strong></span> <span class='ocrx_word' id='word_1_101' title='bbox 2056 1656 2371 1737; x_wconf 78' lang='lat' dir='ltr'><strong>diligenter</strong></span> <span class='ocrx_word' id='word_1_102' title='bbox 2390 1656 2623 1727; x_wconf 86' lang='lat' dir='ltr'><strong>habito,</strong></span> <span class='ocrx_word' id='word_1_103' title='bbox 2648 1676 2783 1717; x_wconf 90' lang='lat' dir='ltr'><strong>cum</strong></span> <span class='ocrx_word' id='word_1_104' title='bbox 2809 1656 2892 1717; x_wconf 90' lang='lat' dir='ltr'><strong>le-</strong></span> 
     </span>
     <span class='ocr_line' id='line_1_20' title="bbox 992 1751 2892 1833; baseline 0 -20"><span class='ocrx_word' id='word_1_105' title='bbox 992 1761 1164 1833; x_wconf 79' lang='lat' dir='ltr'><strong>gatos</strong></span> <span class='ocrx_word' id='word_1_106' title='bbox 1185 1774 1263 1813; x_wconf 85' lang='lat' dir='ltr'><strong>ex</strong></span> <span class='ocrx_word' id='word_1_107' title='bbox 1289 1772 1396 1812; x_wconf 77' lang='lat' dir='ltr'><strong>usu</strong></span> <span class='ocrx_word' id='word_1_108' title='bbox 1425 1754 1616 1832; x_wconf 78' lang='lat' dir='ltr'><strong>magis</strong></span> <span class='ocrx_word' id='word_1_109' title='bbox 1642 1773 1823 1833; x_wconf 88' lang='lat' dir='ltr'><strong>quam</strong></span> <span class='ocrx_word' id='word_1_110' title='bbox 1864 1754 2175 1814; x_wconf 75' lang='lat' dir='ltr'><strong>ambitiose</strong></span> <span class='ocrx_word' id='word_1_111' title='bbox 2204 1752 2467 1833; x_wconf 71' lang='lat' dir='ltr'><strong>legisset,</strong></span> <span class='ocrx_word' id='word_1_112' title='bbox 2495 1751 2572 1814; x_wconf 84' lang='lat' dir='ltr'><strong>C.</strong></span> <span class='ocrx_word' id='word_1_113' title='bbox 2608 1752 2892 1825; x_wconf 88' lang='lat' dir='ltr'><strong>Marium,</strong></span> 
     </span>
     <span class='ocr_line' id='line_1_21' title="bbox 994 1847 2893 1937; baseline 0.001 -28"><span class='ocrx_word' id='word_1_114' title='bbox 994 1849 1079 1909; x_wconf 91' lang='lat' dir='ltr'><strong>P.</strong></span> <span class='ocrx_word' id='word_1_115' title='bbox 1107 1847 1433 1937; x_wconf 88' lang='lat' dir='ltr'><strong>Rutilium,</strong></span> <span class='ocrx_word' id='word_1_116' title='bbox 1468 1869 1722 1928; x_wconf 89' lang='lat' dir='ltr'><strong>quorum</strong></span> <span class='ocrx_word' id='word_1_117' title='bbox 1760 1850 2001 1929; x_wconf 77' lang='lat' dir='ltr'><strong>cognita</strong></span> <span class='ocrx_word' id='word_1_118' title='bbox 2036 1850 2227 1911; x_wconf 75' lang='lat' dir='ltr'><strong>virtue</strong></span> <span class='ocrx_word' id='word_1_119' title='bbox 2248 1858 2314 1910; x_wconf 87' lang='lat' dir='ltr'><strong>et</strong></span> <span class='ocrx_word' id='word_1_120' title='bbox 2344 1850 2707 1911; x_wconf 74' lang='lat' dir='ltr'><strong>abstinentia</strong></span> <span class='ocrx_word' id='word_1_121' title='bbox 2746 1858 2893 1921; x_wconf 79' lang='lat' dir='ltr'><strong>erat,</strong></span> 
     </span>
     <span class='ocr_line' id='line_1_22' title="bbox 994 1944 2893 2029; baseline 0.001 -23"><span class='ocrx_word' id='word_1_122' title='bbox 994 1947 1056 2006; x_wconf 91' lang='lat' dir='ltr'><strong>in</strong></span> <span class='ocrx_word' id='word_1_123' title='bbox 1081 1944 1358 2007; x_wconf 82' lang='lat' dir='ltr'><strong>Africam</strong></span> <span class='ocrx_word' id='word_1_124' title='bbox 1379 1947 1723 2025; x_wconf 81' lang='lat' dir='ltr'><strong>navigavit:</strong></span> <span class='ocrx_word' id='word_1_125' title='bbox 1765 1967 1985 2026; x_wconf 78' lang='lat' dir='ltr'><strong>mag-na</strong></span> <span class='ocrx_word' id='word_1_126' title='bbox 2001 1948 2263 2008; x_wconf 89' lang='lat' dir='ltr'><strong>omnium</strong></span> <span class='ocrx_word' id='word_1_127' title='bbox 2285 1968 2416 2029; x_wconf 77' lang='lat' dir='ltr'><strong>epe,</strong></span> <span class='ocrx_word' id='word_1_128' title='bbox 2440 1946 2604 2026; x_wconf 88' lang='lat' dir='ltr'><strong>quod</strong></span> <span class='ocrx_word' id='word_1_129' title='bbox 2628 1946 2777 2007; x_wconf 89' lang='lat' dir='ltr'><strong>belli</strong></span> <span class='ocrx_word' id='word_1_130' title='bbox 2802 1968 2893 2007; x_wconf 90' lang='lat' dir='ltr'><strong>ar-</strong></span> 
     </span>
     <span class='ocr_line' id='line_1_23' title="bbox 993 2042 2894 2124; baseline -0.001 -21"><span class='ocrx_word' id='word_1_131' title='bbox 993 2042 1154 2104; x_wconf 73' lang='lat' dir='ltr'><strong>tibus</strong></span> <span class='ocrx_word' id='word_1_132' title='bbox 1171 2043 1460 2123; x_wconf 74' lang='lat' dir='ltr'><strong>egregius,</strong></span> <span class='ocrx_word' id='word_1_133' title='bbox 1477 2053 1542 2104; x_wconf 90' lang='lat' dir='ltr'><strong>et</strong></span> <span class='ocrx_word' id='word_1_134' title='bbox 1557 2043 1839 2104; x_wconf 79' lang='lat' dir='ltr'><strong>adversus</strong></span> <span class='ocrx_word' id='word_1_135' title='bbox 1856 2046 2167 2105; x_wconf 82' lang='lat' dir='ltr'><strong>avaritiam</strong></span> <span class='ocrx_word' id='word_1_136' title='bbox 2185 2042 2391 2105; x_wconf 80' lang='lat' dir='ltr'><strong>firmus</strong></span> <span class='ocrx_word' id='word_1_137' title='bbox 2404 2052 2573 2104; x_wconf 87' lang='lat' dir='ltr'><strong>erat:</strong></span> <span class='ocrx_word' id='word_1_138' title='bbox 2616 2042 2695 2103; x_wconf 93' lang='lat' dir='ltr'><strong>ad</strong></span> <span class='ocrx_word' id='word_1_139' title='bbox 2712 2062 2894 2124; x_wconf 85' lang='lat' dir='ltr'><strong>quam</strong></span> 
     </span>
     <span class='ocr_line' id='line_1_24' title="bbox 993 2141 2897 2223; baseline 0 -22"><span class='ocrx_word' id='word_1_140' title='bbox 993 2142 1378 2222; x_wconf 77' lang='lat' dir='ltr'><strong>proecipuam,</strong></span> <span class='ocrx_word' id='word_1_141' title='bbox 1427 2151 1533 2203; x_wconf 90' lang='lat' dir='ltr'><strong>aut</strong></span> <span class='ocrx_word' id='word_1_142' title='bbox 1563 2141 1753 2203; x_wconf 77' lang='lat' dir='ltr'><strong>solam</strong></span> <span class='ocrx_word' id='word_1_143' title='bbox 1794 2161 2059 2214; x_wconf 78' lang='lat' dir='ltr'><strong>causam,</strong></span> <span class='ocrx_word' id='word_1_144' title='bbox 2096 2162 2269 2203; x_wconf 86' lang='lat' dir='ltr'><strong>omne</strong></span> <span class='ocrx_word' id='word_1_145' title='bbox 2310 2142 2526 2223; x_wconf 87' lang='lat' dir='ltr'><strong>quod</strong></span> <span class='ocrx_word' id='word_1_146' title='bbox 2508 2162 2569 2202; x_wconf 84' lang='lat' dir='ltr'><strong>m</strong></span> <span class='ocrx_word' id='word_1_147' title='bbox 2597 2141 2897 2209; x_wconf 81' lang='lat' dir='ltr'><strong>Numidia</strong></span> 
     </span>
     <span class='ocr_line' id='line_1_25' title="bbox 995 2237 2800 2321; baseline 0.002 -22"><span class='ocrx_word' id='word_1_148' title='bbox 995 2249 1310 2321; x_wconf 85' lang='lat' dir='ltr'><strong>acceptum</strong></span> <span class='ocrx_word' id='word_1_149' title='bbox 1333 2237 1592 2301; x_wconf 78' lang='lat' dir='ltr'><strong>dedecus</strong></span> <span class='ocrx_word' id='word_1_150' title='bbox 1615 2238 2150 2321; x_wconf 88' lang='lat' dir='ltr'><strong>detrimentumque</strong></span> <span class='ocrx_word' id='word_1_151' title='bbox 2174 2240 2390 2312; x_wconf 80' lang='lat' dir='ltr'><strong>fuerat,</strong></span> <span class='ocrx_word' id='word_1_152' title='bbox 2416 2240 2800 2304; x_wconf 86' lang='lat' dir='ltr'><strong>referebatur.</strong></span> 
     </span>
    </p>
   </div>
   <div class='ocr_carea' id='block_1_12' title="bbox 3193 911 3213 1887">
    <p class='ocr_par' dir='ltr' id='par_1_13' title="bbox 3193 911 3213 1887">
     <span class='ocr_line' id='line_1_26' title="bbox 3193 911 3213 1887; baseline 0 0"><span class='ocrx_word' id='word_1_153' title='bbox 3193 911 3213 1887; x_wconf 95' lang='lat' dir='ltr'><strong> </strong></span> 
     </span>
    </p>
   </div>
  </div>
 </body>
</html>
