3225 5242
799 533 1008 584 mnm
1060 533 1294 588 cxlx.
1339 535 1995 589 susannam-un.
2342 523 2519 590 4373

279 675 440 737 diem
463 675 836 739 comitiorum
875 675 1212 760 frequentes
1245 688 1466 761 cogunt
1503 682 1749 742 rusticas
1788 680 2013 750 tribus:
2058 681 2193 761 qui·
2250 693 2357 745 Cic.
2382 711 2467 760 pro

278 773 414 846 bus,
442 776 588 855 quia
612 775 908 857 stipendia
946 779 1057 838 sub
1099 777 1301 839 Mario
1346 775 1632 850 fecerant,
1674 777 2021 839 firmissimis
2050 799 2191 838 usu·
2214 757 2413 812 ⁸⁶¹¹&
2436 763 2518 812 ¹⁸·

277 893 409 932 rum
445 869 988 956 ‘propugnatoribus
1021 878 1320 957 sperabat.
1407 877 1709 947 Comitiis,
1754 895 1891 936 cum
1936 875 2014 936 de
2058 875 2189 956 lege
2216 871 2432 940 APPM·

277 979 792 1052 ageretur„eaque
817 991 928 1034 nec
965 974 1210 1034 urbanae
1251 973 1413 1058 plebi
1454 974 1783 1054 gratissima
1816 982 1992 1045 esset,
2027 973 2193 1055 quod

275 1070 568 1147 majorem
617 1069 912 1130 sociorum
957 1079 1022 1132 et
1057 1070 1258 1132 Latini
1305 1073 1557 1133 nominis
1597 1072 1887 1134 rationem
1922 1071 2192 1134 habitam

279 1164 560 1244 putabat:
605 1165 824 1246 reperti
863 1185 941 1227 ex
979 1167 1234 1247 collegio
1266 1176 1425 1240 mnt,
1453 1169 1556 1249 qui
1585 1167 1703 1247 legi
1743 1167 2192 1232 intercederent.

275 1259 434 1320 Tum
474 1281 616 1322 vero
661 1262 888 1323 furiosa
927 1265 1152 1325 exarsit
1197 1265 1517 1336 contentio,
1545 1283 1683 1326 cum
1728 1285 1845 1326 uon
1880 1266 2057 1328 modo
2084 1268 2192 1328 tri-

277 1355 574 1419 bunorum
615 1359 769 1419 inter
814 1379 902 1433 se,
951 1360 1058 1422 sed
1095 1360 1276 1422 etiam
1321 1361 1625 1422 concionis
1664 1359 1965 1422 discordes
2008 1363 2191 1424 animi

275 1463 492 1516 essent.

359 1555 461 1610 13.
505 1551 826 1614 Postremo
863 1551 1188 1636 Apuleius,
1239 1563 1556 1636 postquam
1597 1553 2007 1616 intercessores
2053 1574 2199 1615 cum-

273 1648 548 1708 convicio
589 1647 827 1710 Rostris
866 1648 1168 1710 deturbati
1212 1658 1401 1722 erant,
1444 1650 1639 1730 legem
1681 1650 1937 1732 perferre
1978 1652 2190 1733 pergit.

278 1741 673 1806 Occlamatur
700 1767 739 1808 a
763 1745 1062 1807 nobilibus
1105 1755 1168 1807 et
1203 1747 1446 1808 meliore
1482 1755 1651 1828 parte
1676 1747 1911 1828 populi,
1938 1755 1959 1784 ‘
1984 1757 2189 1808 tonare
2244 1757 2394 1812 Auct.
2417 1764 2481 1813 de

275 1839 494 1900 Jovem
515 1861 532 1911 ς
550 1842 567 1869 ’
608 1843 770 1923 quod
819 1842 923 1902 ubi
971 1852 1125 1903 esset
1163 1842 1412 1915 factum,
1453 1865 1591 1905 cum
1616 1845 1843 1928 populo
1884 1845 1981 1924 agi
2022 1844 2191 1906 nefas
2212 1826 2519 1880 Vi‘·¹¹¹¹¹⁸‘'·

275 1937 629 2001 habebatur.
713 1937 817 2000 Ibi
835 1959 976 2000 vero
999 1939 1167 2001 velut
1192 1939 1536 2021 lymphatus
1555 1943 1643 2002 ira
1682 1961 1755 2002 ac
1780 1941 1983 2002 dolore
2007 1941 2187 2023 Apu-

274 2033 449 2107 leius,
487 2055 706 2115 magna
746 2057 920 2109 voce,
969 2045 988 2074 ‘
1027 2035 1170 2097 Jam
1197 2036 1622 2116 grandinabit,'
1663 2037 1987 2108 exclamat,
2026 2047 2047 2074 ‘
2074 2039 2203 2106 nisi,

275 2131 624 2212 quiescitis.’
707 2132 818 2193 Ad
843 2135 998 2194 hauc
1025 2153 1232 2194 vocem
1260 2154 1378 2194 non
1419 2132 1596 2194 modo
1622 2153 1882 2195 murmur
1902 2141 1966 2194 et
1989 2133 2189 2195 fremi-
2244 2139 2477 2210 Appium.-

273 2234 374 2288 tus
397 2229 754 2290 urbanorum
783 2239 968 2302 ortus,
1009 2249 1215 2290 verum
1257 2231 1440 2291 etiam
1487 2231 1640 2309 togis
1680 2231 1903 2296 circum
1944 2231 2191 2292 brachia

271 2323 631 2397 convolutis,
658 2327 938 2407 saxisque
964 2334 1028 2386 et
1063 2325 1342 2408 fustibus,
1369 2346 1504 2406 quae
1523 2328 1743 2407 cuique
1782 2327 1905 2388 tela
1937 2347 2061 2388 sors
2080 2329 2188 2388 ob·
2304 2399 2315 2409 ο

270 2418 515 2492 tulerat,
541 2441 636 2480 res
663 2423 784 2500 geri
808 2430 1025 2503 coepta.
1111 2419 1458 2500 Diffugiunt
1483 2431 1759 2502 agrestes,
1784 2420 2037 2503 Apuleii
2061 2422 2188 2485 fac-

271 2501 404 2578 tio-⁸
467 2516 704 2578 Deinde
735 2518 1008 2579 resumtis
1034 2518 1246 2578 animis
1283 2539 1324 2580 a
1361 2518 1516 2580 duce
1541 2539 1649 2579 suo
1674 2518 2031 2592 confirmati,
2056 2539 2189 2581 cor-

273 2614 456 2694 reptis
483 2621 546 2674 et
567 2615 678 2696 ipsi
706 2615 948 2698 paribus
969 2615 1168 2687 armis,
1199 2614 1570 2677 adversarios
1595 2615 1731 2676 loco
1759 2615 2010 2697 pellunt.
2055 2615 2185 2678 Lex
2210 2631 2317 2683 Liv.
2346 2633 2482 2698 Epir.
2508 2695 2515 2702 ⁴

279 2714 516 2791 agraria
539 2733 646 2793 per
667 2714 788 2773 vim
817 2711 1124 2794 perfertur.
1406 2763 1415 2768 -

357 2817 456 2870 14.
502 2808 679 2870 Nihil
709 2831 828 2870 non
865 2809 1074 2869 horum
1108 2807 1184 2868 de
1225 2807 1476 2868 consilio
1513 2807 1779 2869 consulis
1805 2807 1989 2869 Marii
2017 2831 2183 2890 gere-
2211 2830 2425 2896 Appi-n.

271 2909 468 2970 batur.
554 2907 740 2989 Isque
767 2909 828 2968 in
855 2917 1085 2979 senatu,
1112 2927 1233 2988 quo
1252 2907 1443 2986 magis
1467 2905 1867 2966 adversarium
1892 2905 2185 2988 illaquea-
2213 2928 2347 2978 Plut.

271 3015 364 3067 ret
389 3005 563 3076 dolis,
591 3005 784 3066 multa
823 3005 882 3064 in
907 3004 1168 3087 speciem
1195 3003 1271 3063 de
1297 3005 1650 3084 impotentia
1676 3003 1979 3064 Saturnini
2010 3025 2185 3086 ques·
2299 3028 2313 3038 “

271 3110 391 3172 tus,
417 3101 664 3182 adjecit,
715 3111 734 3138 ‘
763 3121 958 3182 neque
999 3121 1062 3160 se
1087 3103 1450 3179 juraturum,
1479 3119 1673 3178 neque
1710 3098 1917 3170 alium,
1958 3102 2061 3182 qui
2088 3123 2185 3164 sa-

275 3207 464 3280 peret,
491 3198 788 3260 facturum
814 3197 1202 3258 existimare!
1286 3195 1354 3256 N
1357 3215 1436 3256 on
1457 3195 1799 3256 dubitanter
1828 3197 1989 3256 idem
2018 3197 2096 3258 de
2121 3219 2185 3263 se

273 3295 388 3362 Q.¹
422 3293 785 3354 Numidicus
808 3293 1202 3355 confirmavit.
1287 3291 1411 3352 Sed
1437 3293 1788 3371 neutiquam
1816 3313 1927 3373 par
1951 3295 2185 3375 utrique

271 3392 332 3452 in
359 3391 570 3452 eodem
595 3410 864 3452 sermone
885 3387 1036 3450 fides
1059 3398 1206 3450 erat.
1293 3387 1550 3448 Metello
1571 3391 1777 3450 timere
1799 3399 1997 3471 turpe,
2018 3411 2185 3452 men-

269 3489 372 3548 tiri
413 3497 598 3548 morte
639 3489 810 3570 pejus
851 3487 1205 3548 videbatur-t
1269 3485 1504 3546 Marius
1544 3485 1924 3548 honestarum
1972 3489 2185 3549 artium

271 3585 458 3656 rudis,
487 3592 551 3644 et
577 3586 870 3644 atrocium
897 3583 1233 3644 belluarum
1275 3601 1438 3643 more
1475 3590 1708 3645 tantum
1746 3582 1825 3643 ad
1852 3584 2184 3645 nocendum

269 3681 594 3741 instructus
631 3681 892 3760 ingenio,
919 3679 1067 3761 quid
1095 3679 1500 3762 polliceretur,
1527 3687 1635 3739 aut
1658 3677 1957 3759 qu'omodo
1984 3701 2180 3742 serva·
2242 3693 2341 3744 Dio
2376 3709 2457 3760 op.

270 3785 367 3837 ret
413 3777 722 3857 promissa,
771 3775 918 3836 nihil
971 3777 1140 3858 pensi
1195 3776 1483 3836 habebat.
1565 3774 1826 3834 Vultum
1878 3795 1951 3836 ac
1999 3777 2185 3838 verba
2208 3757 2379 3810 νὼ*
2496 3797 2501 3802 ’

271 3873 521 3952 fingere,
563 3872 796 3945 fallere,
833 3873 1123 3955 pejerare,
1169 3871 1330 3951 quod
1369 3865 1689 3932 deter'rimo
1731 3871 1947 3952 cuique
1990 3893 2185 3954 prom·

269 3972 564 4030 tissimum
591 3979 704 4042 est,
727 3981 915 4031 artem
936 3979 1116 4051 atque
1142 3971 1422 4030 virtutem
1448 3967 1871 4030 arbitrabatur.
2455 4045 2467 4056 ,

357 4075 456 4128 15.
503 4067 622 4127 Die
647 4069 856 4147 quinto
881 4087 1061 4149 quam
1091 4075 1300 4148 rogata
1326 4065 1424 4126 lex
1459 4073 1611 4136 erat,
1652 4066 1925 4126 tribunus
1960 4065 2181 4128 Patres
2204 4083 2422 4154 Appia,

271 4165 352 4227 ad
383 4165 712 4245 jurandum
739 4167 800 4225 in
844 4163 1074 4224 Rostra
1111 4170 1311 4225 vocat.
1399 4162 1636 4224 Marius
1680 4155 1783 4225 vii
1825 4163 2033 4245 quinta
2058 4164 2181 4226 diei

687 4473 700 4499 .·
772 4427 798 4474 1
834 4423 893 4472 C.
921 4436 1013 4487 pro
1037 4421 1104 4480 Q.
1128 4421 1400 4488 legebatur
1426 4431 1548 4476 ante
1574 4423 1730 4510 Crev-
