3225 5242
687 473 861 538 440⁰

690 827 794 884 Cic.
805 828 870 878 de
883 829 992 878 Inv.

720 1795 838 1848 Vsl.
853 1795 992 1846 Mu.

686 1875 772 1913 ιιι.
791 1865 842 1912 1.

719 2189 828 2240 cic.
847 2190 901 2238 in

686 2253 823 2304 Verr-
839 2271 926 2307 ιιι.
941 2259 992 2308 1.

716 2567 825 2618 Cic.
847 2567 901 2616 in

687 2632 826 2682 Verr.
841 2637 988 2685 ιιΑο.

721 3550 827 3601 Cic.
847 3549 988 3599 Brut.

688 3631 732 3663 c.
754 3619 838 3666 u.
861 3614 923 3662 de

689 3680 777 3732 Or.
801 3695 864 3732 ιι.
883 3682 968 3728 47.

1658 489 1727 536 Τ.
1774 487 1967 537 mvn

1006 631 1104 708 gis
1127 650 1308 712 quam
1333 630 1584 709 collegae
1609 631 1829 691 habere
1856 631 2167 700 rationem,
2190 629 2629 710 intercessitque
2648 648 2724 689 ne
2738 649 2909 690 sena-

1012 727 1439 788 tusconsultum
1459 727 1536 786 de
1562 711 1857 808 triumpho
1872 730 2002 806 ejus
2020 725 2211 796 fieret,
2230 727 2337 807 qui
2356 746 2545 806 neque
2566 745 2639 786 eo
2658 726 2913 794 nomine,

1013 843 1206 905 neque
1233 845 1474 884 numero
1515 823 1815 904 praeditos,
1853 835 1921 883 ut
1942 824 2107 902 digni
2132 833 2327 884 essent
2362 825 2465 903 qui
2490 823 2685 884 hostes
2709 821 2915 904 populi

1016 918 1280 980 Romani
1328 941 1454 980 esse
1505 920 1863 991 dicerentur,
1906 919 2115 980 adhaec
2158 919 2377 980 nullius
2416 919 2678 990 illustris,
2722 938 2917 1000 neque

1009 1018 1159 1079 certi
1191 1018 1362 1078 ducis
1395 1018 1565 1096 signa
1599 1026 1853 1089 secutos,
1894 1016 2267 1078 confecisset.
2352 1016 2455 1077 Ita
2486 1026 2697 1078 contra
2722 1018 2915 1077 virum

1011 1115 1556 1196 eloquentissimum
1591 1115 1949 1194 integerrimi
1992 1114 2433 1195 gravissimique
2472 1117 2795 1175 auctoritas
2824 1115 2915 1174 vi-

1010 1214 1116 1286 cit,
1143 1233 1218 1274 ne
1259 1214 1606 1294 pervulgato
1642 1212 1877 1273 eximiae
1910 1211 2143 1274 vii-uitis
2178 1221 2285 1272 aut
2317 1210 2623 1272 felicitatis
2648 1213 2913 1292 praemio,

1011 1319 1076 1370 et
1097 1311 1316 1390 injuria
1343 1312 1624 1371 honorem
1648 1327 1785 1369 eum
1809 1329 2017 1369 severa
2042 1310 2175 1388 lege
2210 1309 2458 1379 meritis,
2484 1317 2549 1369 et
2570 1308 2915 1389 reipublicae

1010 1405 1426 1468 detrimentum
1455 1407 1788 1488 proveniret
1809 1425 1825 1466 ι
1853 1407 2045 1465 minus
2064 1414 2271 1486 postea
2290 1405 2578 1464 annisuris
2598 1403 2915 1486 plerisque,

1009 1504 1062 1562 si
1087 1503 1296 1564 eadem
1319 1523 1544 1564 merces
1573 1501 1969 1564 mediocribus
2008 1503 2207 1572 rebus,
2246 1521 2385 1582 quae
2424 1502 2723 1574 maximis,
2756 1521 2915 1564 sum-

1013 1617 1228 1678 msque
1254 1607 1321 1659 ut
1346 1599 1664 1681 plurimum
1688 1617 1834 1660 cura
1861 1597 2241 1678 periculoque
2265 1597 2651 1658 conficiendis
2674 1607 2917 1679 praesta-

1013 1705 1194 1756 retur.
1281 1695 1378 1756 De
1403 1705 1601 1756 cetero
1626 1708 1831 1756 sancte
1866 1695 2207 1774 integreque
2240 1695 2445 1755 consul
2476 1694 2740 1754 Licinius
2766 1715 2917 1776 ρη-

1013 1791 1206 1872 fuerat
1230 1813 1246 1852 ι
1311 1803 1380 1853 ιιι
1429 1813 1621 1873 neque
1678 1793 2045 1854 inimicorum
2095 1792 2332 1871 judicia
2382 1792 2917 1872 conscientiamque

1011 1890 1470 1954 exhorresceret.
1563 1888 1851 1970 Namque
1905 1887 1983 1948 C.
2049 1887 2412 1960 Carbonem,
2462 1891 2635 1968 cujus
2688 1897 2917 1970 patrem

1011 1986 1420 2058 damnaverat,
1445 1986 1641 2048 studio
1666 1987 1949 2046 vindictae
1970 1985 2049 2045 ad
2072 1984 2437 2066 speculanda
2461 1995 2601 2046 sota
2622 2005 2731 2045 sua
2749 1987 2917 2046 veni-

1013 2093 1234 2156 entem,
1265 2083 1415 2144 adeo
1447 2101 1564 2143 non
1599 2085 1943 2154 summovit,
1984 2091 2051 2142 ut
2076 2083 2313 2162 insuper
2341 2082 2539 2142 locum
2566 2083 2622 2142 ei
2647 2082 2825 2142 daret
2856 2084 2917 2144 in

1012 2181 1317 2252 tribunali,
1345 2200 1454 2240 nec
1490 2179 1602 2239 nisi
1631 2200 1703 2240 eo
1727 2199 1928 2241 coram
1959 2188 2360 2257 cognosceret.
2447 2177 2691 2238 Dixisse
2718 2187 2917 2240 tamen

1014 2263 1296 2338 Crassum
1337 2277 1555 2349 ferunt,
1591 2297 1729 2338 cum
1764 2298 1827 2337 se
1860 2277 2208 2336 ita-videret
2240 2278 2567 2347 observari,
2600 2297 2663 2336 se
2698 2277 2921 2339 nullius

1011 2376 1096 2434 rei
1138 2383 1261 2434 tam
1309 2373 1608 2455 poenitere,
1664 2393 1843 2454 quam
1879 2373 2041 2452 quod
2084 2393 2345 2453 unquam
2381 2374 2439 2432 in
2474 2372 2771 2452 judicium
2812 2395 2917 2436 vo-

1011 2472 1284 2532 cavisset.

1093 2575 1196 2630 25.
1244 2567 1491 2627 Interim
1528 2568 1590 2627 in
1622 2567 1767 2627 urbe
1805 2564 2023 2626 Siculis
2056 2565 2388 2636 Halesinis,
2416 2566 2577 2645 quod
2615 2567 2919 2630 habebant

1012 2667 1162 2726 inter
1185 2687 1250 2726 se
1285 2664 1360 2724 de
1395 2674 1602 2725 senatu
1639 2663 1977 2744 cooptando
2022 2664 2467 2734 controversias,
2514 2663 2721 2726 Roma
2754 2665 2918 2746 leges

1011 2762 1390 2843 petentibus;
1436 2769 1790 2820 censuerunt
1829 2760 2067 2831 Patres,
2102 2769 2119 2794 ‘
2145 2761 2230 2818 uti
2259 2758 2336 2819 C.
2366 2757 2657 2820 Claudius
2682 2763 2813 2844 Ap.
2842 2763 2915 2824 F.

1012 2858 1304 2929 Pulcher,
1333 2865 1569 2938 praetor,
1597 2856 1673 2918 de
1702 2865 1909 2917 senatu
1930 2855 2266 2936 cooptando
2282 2855 2445 2934 leges
2478 2859 2917 2920 conscriberet!

1013 2954 1088 3015 C.
1120 2954 1434 3023 ClaudiuS,
1461 2955 1565 3033 qui
1603 2953 1865 3032 antiquis
1890 2953 2170 3032 novisque
2195 2951 2273 3011 de
2296 2952 2491 3012 causis
2517 2954 2673 3014 bene
2700 2953 2919 3016 Siculis

1010 3051 1314 3131 cupiebat,
1337 3049 1621 3110 adhibitis
1649 3050 1921 3109 omnibus
1948 3047 2259 3110 Marcellis
2276 3048 2523 3128 quitum
2538 3060 2728 3122 erant,
2756 3053 2915 3112 insu-

1011 3147 1086 3206 1ae
1111 3147 1394 3228 patronis,
1420 3147 1496 3206 de
1521 3165 1724 3206 eorum
1750 3146 2041 3205 sententia
2064 3145 2227 3224 leges
2252 3145 2562 3206 Halesinis
2584 3147 2772 3220 dedit,
2802 3157 2821 3184 ‘
2842 3170 2917 3210 ne

1009 3245 1146 3324 quis
1169 3245 1358 3303 minor
1393 3243 1560 3302 annis
1582 3242 1848 3320 triginta,
1886 3243 2063 3322 quive
2090 3243 2505 3322 quaestuariam
2532 3252 2720 3305 artem
2744 3265 2916 3308 exer-

1008 3341 1246 3412 cuisset,
1272 3341 1444 3402 cuive
1469 3361 1681 3400 census
1696 3342 1895 3419 justus
1920 3360 2039 3399 non
2066 3349 2241 3410 esset,
2270 3340 2604 3418 legeretur)

1092 3443 1195 3498 26.
1239 3436 1464 3497 Iisdem
1491 3437 1831 3497 consulibus
1852 3435 2256 3514 gravissimam
2282 3435 2633 3497 seditionem
2649 3439 2917 3500 tribunus

1012 3532 1204 3614 plebis
1242 3533 1320 3596 C.
1364 3532 1694 3593 Norbanus
1735 3533 2044 3602 excitavit,
2080 3531 2179 3591 die
2228 3532 2311 3599 Q.
2355 3531 2612 3592 Servilio
2643 3535 2917 3616 Caepioni

1010 3629 1288 3692 dicenda.
1371 3629 1572 3690 Reum
1599 3629 1670 3689 L.
1701 3628 1965 3688 Licinius
1987 3627 2193 3688 consul
2216 3628 2639 3690 defendebatz¹
2664 3633 2920 3694 interce-

1011 3726 1378 3806 debaturque
1415 3725 1713 3804 rogationi
1754 3745 1793 3784 a
1826 3725 2058 3784 duobus
2090 3723 2167 3784 de
2206 3723 2463 3804 collegio
2500 3727 2569 3786 L.
2610 3727 2818 3799 Cotta,
2840 3729 2915 3790 T.

1016 3822 1220 3884 Didio.
1306 3821 1431 3882 Sed
1474 3821 1543 3882 N
1545 3823 1827 3892 orba'nuS,
1866 3822 2171 3882 concitata
2201 3819 2400 3901 plebe,
2436 3834 2499 3884 et
2531 3825 2593 3885 vi
2628 3825 2811 3907 pulsis
2836 3846 2911 3886 ex

1009 3921 1234 4001 templo
1259 3919 1758 3990 intercessoribus,
1786 3915 2029 4000 pertulit
2047 3917 2256 3996 legem.
2341 3919 2420 3980 In
2446 3921 2555 3981 illo
2579 3922 2835 3982 tumultu
2852 3931 2918 3982 et

1081 4169 1094 4202 Ι
1127 4168 1279 4218 Reum
1310 4168 1373 4216 L.
1399 4167 1616 4218 Maius
1651 4169 1814 4218 consul
1845 4168 1925 4218 de-
1998 4175 2122 4216 eant
2152 4169 2421 4219 Ciceronis
2445 4170 2607 4220 verba
2638 4171 2695 4221 in
2716 4171 2904 4222 Bruto:

999 4233 1256 4298 scindebat]
1299 4233 1565 4283 Laudatur
1603 4233 1775 4295 potius
1808 4233 1923 4283 Ca·
1997 4240 2013 4264 ⁸
2036 4233 2097 4284 1..
2122 4233 2297 4283 Crassi
2330 4235 2382 4282 iu
2414 4237 2703 4294 consulstn,
2728 4251 2820 4300 pro
2841 4239 2910 4290 Q.

1009 4298 1194 4362 pionis,
1233 4311 1386 4363 qnam
1424 4306 1675 4361 patronus
1716 4296 1925 4346 videtur
1997 4298 2267 4361 Caepione,
2289 4297 2493 4352 defensi
2516 4315 2583 4352 ne
2607 4302 2794 4366 juncta
2816 4337 2831 4354 .
2851 4336 2866 4353 .
2894 4335 2911 4353 .

1012 4361 1172 4414 fuisse
1211 4363 1271 4414 1..
1310 4364 1547 4414 Crassus.
1632 4361 1751 4414 Hoc
1790 4363 1926 4414 indi·
1996 4363 2269 4414 laudatio)
2306 4363 2447 4415 Creo.
