3225 5242
763 539 944 604 4404
1545 599 1558 611 ,
1730 559 1803 608 r.
1854 559 2039 608 ωνιι

1093 699 1256 759 ribus
1277 709 1556 762 eventum
1579 703 1917 763 habuerunt
1934 723 2037 784 per
2065 701 2135 762 L.
2162 700 2435 783 Philippi
2462 699 2757 782 repulsam
2780 719 2797 758 ε
2822 719 3005 779 quem

799 795 910 848 Cic.
931 809 1020 862 pro
1093 796 1518 858 nobilissimum
1535 798 2197 882 eloquentimimumque
2220 801 2434 871 virum,
2454 797 2827 877 eundemque
2848 816 3009 856 mm-

765 861 972 975 2¹⁸3}ss
992 864 1072 910 Π·
1093 913 1194 952 ma
1219 894 1378 976 apud
1403 915 1608 958 omnes
1624 899 1647 934 ⁸
1676 898 1910 958 ordines
1943 898 2158 977 gratia,
2200 898 2465 958 obscurae
2490 897 2661 956 sortis
2684 896 2864 955 homo
2906 892 3003 953 M.

767 1006 812 1040 ο·
833 995 917 1043 ⁴⁶·
1096 990 1444 1052 Herennius
1466 997 1789 1075 superavit,
1817 995 1893 1056 C.
1922 995 2175 1056 Valerio
2201 995 2427 1056 Flacco
2452 993 2685 1072 collega
2708 991 3007 1054 additus!

1095 1087 1220 1148 His
1243 1089 1584 1151 consulibua
1625 1090 1877 1173 Cyrenis
1914 1091 2171 1153 advecta
2210 1092 2451 1173 publice
2492 1089 2781 1171 laserpitii
2804 1088 3005 1168 pondo

764 1185 1069 1240 Plin.xxx..·..
1093 1185 1355 1263 triginta,
1383 1187 1470 1260 sic
1495 1187 1832 1248 libertatem
1859 1188 1985 1248 istis
2004 1189 2345 1250 civitatibus
2372 1187 2450 1250 ad
2476 1195 2685 1247 senatu
2710 1183 3003 1246 indultam

1091 1303 1218 1342 ease
1245 1293 1518 1361 arguunt,
1545 1294 1615 1345 ut
1628 1295 1828 1345 tamen
1851 1286 2233 1365 vectigalium
2260 1305 2605 1365 agrorumve
2624 1305 2763 1366 pars
2781 1283 3004 1365 populo

1096 1377 1380 1440 Romano
1403 1382 1819 1462 exciperetur:
1862 1383 2017 1442 sicut
2056 1403 2191 1443 raro
2226 1383 2489 1462 gratuita
2526 1391 2665 1441 sunt
2706 1383 3003 1462 potentio-
3084 1429 3095 1446 ,

769 1469 980 1584 σξῠωδ·
1092 1496 1220 1536 rum
1271 1477 1584 1538 beneficia.
1670 1478 1879 1540 Natus
1918 1499 1993 1542 eo
2038 1501 2195 1541 anno
2240 1489 2421 1562 poeta
2460 1479 2678 1541 nobilis
2720 1477 3001 1550 traditur,

847 1551 950 1588 ’ω’
1091 1572 1166 1632 Τ.
1196 1573 1504 1635 Lucretius
1531 1575 1745 1636 Carus·

767 1676 870 1726 Jul.
891 1677 1010 1730 obn.
1171 1677 1272 1730 234.
1317 1671 1614 1750 Prodigia
1638 1674 1829 1733 multa
1852 1672 2109 1733 fuerunt.
2194 1671 2410 1732 Romae
2444 1681 2509 1732 et
2540 1673 2725 1742 circa,
2752 1671 3001 1732 fulmine

1091 1765 1375 1847 pleraque
1414 1769 1683 1829 decussa.
1768 1769 2025 1830 Ancilla
2064 1789 2311 1850 puerum
2354 1770 2699 1828 unimanum
2746 1771 3001 1850 peperit.

1095 1863 1386 1942 Fregellis
1429 1865 1590 1925 aedes
1632 1864 1911 1946 Neptuni
1954 1875 2127 1926 nocte
2178 1865 2499 1947 patefacta.
2586 1864 2801 1926 vitulo
2854 1867 3001 1926 mari

1091 1981 1226 2020 cum
1249 1971 1394 2022 exta
1427 1962 1824 2034 demerentur,
1866 1964 2084 2043 gemini
2120 1963 2309 2024 vitelli
2348 1965 2411 2022 in
2434 1961 2574 2023 alvo
2598 1965 2731 2041 ejus
2754 1963 2999 2022 inventi.

1093 2057 1324 2120 Arretii
1373 2060 1604 2137 signum
1658 2081 1889 2120 aeneum
1938 2060 2223 2120 Mercurii
2268 2058 2524 2120 sudavit.
2610 2059 2689 2118 In
2745 2059 3003 2118 Lucania

1092 2175 1328 2234 gregem
1373 2177 1705 2229 vervecum,
1752 2177 1890 2218 cum
1933 2166 2293 2238 pasceretur,
2320 2167 2383 2216 et
2426 2167 2601 2218 nocte
2640 2157 2701 2216 in
2736 2155 2997 2228 stabulo,

1091 2251 1332 2313 flamma
1355 2253 1725 2314 circumdata
1746 2253 1897 2314 nihil
1927 2254 2171 2314 adussit.
2244 2253 2559 2313 Carseolis
2592 2261 2825 2314 torrens
2862 2271 2996 2312 aan-

1091 2350 1288 2426 guinia
1312 2349 1508 2411 fluxit.
1592 2350 1749 2432 Lupi
1790 2351 1995 2410 urbem
2031 2352 2293 2430 ingressi.
2373 2351 2684 2411 Praeneste
2726 2351 2870 2410 lana
2892 2371 2995 2410 vo-

1091 2446 1306 2508 litavit.
1393 2447 1472 2507 In
1512 2448 1747 2530 Apulia
1772 2450 1937 2510 mula
1960 2450 2209 2530 peperit.
2294 2447 2513 2510 Romae
2538 2447 2757 2508 milvus
2782 2450 2845 2506 in
2870 2447 2997 2508 aede

1092 2542 1400 2624 Apollinis
1443 2548 1918 2627 comprehensus.
2006 2545 2323 2606 Herennio
2366 2546 2607 2606 consule
2652 2545 2745 2605 bis
2790 2547 2996 2604 immo-

1090 2639 1275 2713 lante,
1303 2643 1559 2721 jocinori
1601 2652 1787 2724 caput
1809 2644 2022 2705 defuit.
2106 2643 2185 2704 In
2226 2665 2397 2705 sacro
2437 2641 2801 2704 novemdiali
2830 2662 2997 2704 coena

1093 2735 1246 2798 Deae
1273 2741 1486 2819 posita,
1509 2760 1548 2799 a
1571 2760 1719 2800 cane
1744 2740 1949 2813 adesa,
1980 2750 2299 2822 antequam
2318 2741 2702 2802 delibaretur.
2786 2739 2997 2800 Vulsi-

1089 2835 1200 2895 niis
1225 2837 1416 2917 prima
1441 2836 1574 2898 luce
1616 2837 1859 2899 flamma
1898 2840 2049 2900 coelo
2083 2841 2341 2900 emicare
2376 2838 2525 2909 visa,
2561 2841 2787 2898 cumin
2816 2857 2995 2898 unum

1087 2933 1325 3006 coisset,
1369 2955 1436 2994 os
1475 2933 1732 2994 flammae
1770 2935 2167 3016 ferrugineum
2210 2937 2502 2997 ostendit:
2544 2935 2763 2996 coelum
2803 2937 2995 2996 visum

1086 3029 1440 3092 descendere
1448 3031 1482 3103 ,¹
1528 3035 1705 3112 cujus
1752 3035 1921 3092 hiatu
1966 3035 2217 3094 vertices
2264 3033 2521 3095 flammae
2573 3043 2995 3115 apparuerunt.

1090 3127 1252 3188 Haec
1306 3138 1432 3192 tam
1469 3130 1663 3190 multa
1708 3139 1889 3210 atque
1930 3129 2337 3193 formidabilia
2369 3131 2817 3192 lustrationibus
2858 3152 2995 3212 pro-

1086 3245 1254 3305 spere
1300 3227 1545 3307 expiata
1595 3226 1774 3286 fuisse
1818 3227 2141 3290 creditum:
2203 3231 2430 3313 utique,
2478 3239 2793 3312 postquam
2833 3229 2994 3289 domi

1087 3321 1348 3402 forisque
1373 3343 1496 3404 pax
1523 3323 1659 3384 fuit.

796 3425 947 3474 Auct.
967 3426 1030 3474 de
1169 3425 1268 3477 35.
1313 3417 1384 3477 L.
1413 3419 1727 3479 Cornelius
1755 3419 1931 3500 Sylla
1966 3429 2201 3500 praetor,
2228 3421 2325 3480 cui
2364 3421 2515 3480 inter
2544 3421 2707 3482 cives
2730 3431 2793 3482 et
2826 3441 2993 3503 pere-

757 3486 1062 3604 ivnig‘vliiugg'
1087 3515 1281 3593 grinos
1311 3515 1657 3593 jurisdictio
1702 3526 2001 3588 evenerat,
2046 3527 2281 3578 centum
2324 3518 2563 3578 leonum
2590 3519 2945 3597 jubatorum
2962 3529 2991 3572 ⁹

757 3604 963 3668 Emind.
1086 3629 1343 3691 pugnam
1393 3613 1453 3671 in
1497 3611 1680 3673 Circo
1720 3612 1911 3685 dedit,
1959 3615 2223 3674 omnium
2274 3616 2517 3694 primus·
2603 3613 2829 3695 Neque
2876 3617 2991 3676 hoc

757 3682 1059 3799 ἴξξῗᾈξιω·
1084 3708 1408 3769 maximum
1435 3711 1495 3768 in
1517 3729 1592 3769 ea
1612 3730 1675 3768 re
1700 3709 2073 3780 miraculum,
2098 3711 2202 3770 sed
2220 3710 2385 3790 quod
2408 3712 2633 3771 solutos
2644 3711 2836 3785 dedit,
2854 3732 2991 3772 cum

757 3815 1040 3930 Βῗὲῗεούᾓο
1085 3813 1262 3864 antea
1301 3805 1534 3885 alligati
1584 3805 1886 3867 darentur.
1973 3805 2118 3868 Rex
2164 3807 2449 3868 Bocchus
2488 3808 2766 3868 ornandis
2812 3811 2989 3870 amici

754 3959 801 3993 ο·
819 3949 895 3996 ¹³·
1149 3991 1182 4036 8
1218 3987 1388 4038 Abest
1410 3987 1478 4037 ab
1501 3987 1625 4038 edd.
1644 3997 1768 4038 ante
1792 3990 1944 4039 Crev.
1965 3988 2024 4040 τὸ
2044 4004 2219 4042 mmm·

1148 4057 1181 4165 Ξ)
1213 4053 1300 4102 Ita
1322 4069 1386 4103 ex
1413 4053 1551 4103 Plin.
1573 4055 1800 4104 correxit
1824 4055 1980 4104 Crev.
2006 4069 2123 4104 cum
2160 4057 2211 4104 in
2247 4054 2373 4104 edd.
2398 4055 2584 4118 prior-r.
2608 4057 2875 4120 legeretur
2896 4057 2987 4119 ju·

1078 4133 1146 4179 ga
1169 4133 1318 4168 omna·

2000 4228 2089 4249 000
2094 4228 2217 4250 0000

1149 4347 1177 4374 ⁴·
1215 4345 1277 4394 Α.
1301 4345 1368 4395 U.
1392 4346 1452 4394 C.
1473 4350 1591 4396 6⁵9.
1660 4346 1725 4396 A.
1748 4348 1807 4398 C.
1828 4353 1912 4398 03.
2870 4373 2874 4378 “

1145 4409 1158 4444 ¹
1196 4413 1374 4460 Coelum
1396 4413 1550 4461 visam
1570 4413 1869 4476 descendere]
1899 4413 2160 4465 Emendat
2182 4411 2477 4466 Schefferus
2498 4417 2753 4466 discedere.
2782 4417 2935 4468 (ΣΙ-ον.
