3225 5242
838 558 1049 609 usai
1102 559 1263 609 mx.
1308 520 1957 611 suessanum-uu.
2330 546 2506 614 4139
2585 520 2592 533 ’

270 702 433 761 tione
473 701 804 781 gravissimi
828 702 939 763 viri
982 710 1186 783 stupor
1220 702 1464 773 invasit,
1496 710 1567 762 ut
1598 702 1818 762 omnis.
1831 701 2043 763 concio
2086 723 2176 763 re-

268 807 449 878 pente
484 800 827 862 conticeret.
909 798 1017 860 Ab
1050 820 1123 861 eo
1141 808 1339 861 tamen
1366 808 1628 879 tempore
1653 799 1968 879 relanguit,
1995 820 2178 879 quam

268 906 409 957 ante
434 896 795 968 obtinuerat,
818 896 1025 978 populi
1049 896 1503 959 benevolentia:
1548 914 1788 977 remque
1817 897 2012 978 potius
2045 916 2178 957 eam

264 992 586 1053 salutarem
614 993 685 1053 L.
707 992 964 1054 Aurelio
986 992 1187 1053 Cottae
1206 992 1385 1053 finisse
1408 1001 1632 1074 putem,
1653 1000 1722 1052 ut
1745 1001 2062 1055 accusante
2089 992 2176 1053 P.
2199 1065 2214 1079 .
2233 998 2342 1051 cic.
2363 998 2483 1050 Div.

266 1087 567 1151 Africam
590 1088 1015 1160 absolveretur,
1040 1108 1220 1169 quam
1246 1088 1409 1169 quod
1433 1088 1736 1149 dictitasse
1761 1089 2052 1168 quosdam
2077 1109 2174 1149 su·
2197 1078 2250 1113 ¹²²
2271 1066 2412 1119 vm·
2435 1082 2482 1118 ⁰·

265 1204 379 1266 pra
402 1181 775 1256 tradidimus,
810 1183 1091 1246 eximiam
1128 1186 1487 1247 accusatoris
1517 1182 1869 1265 dignitatem
1910 1204 2012 1246 reo
2037 1204 2172 1266 pro-
2199 1133 2502 1245 ῗέὖτῗῒοῗῗε.

266 1280 469 1343 fahe·
2199 1259 2500 1375 'Kx-1301&-

347 1384 454 1440 36.
493 1376 924 1439 Turbulentum
943 1378 1059 1439 boc
1078 1378 1409 1439 tribuniciis
1426 1377 1760 1439 actionibus
1780 1387 2016 1459 tempus
2038 1378 2186 1439 fnit.-

265 1471 373 1535 C.³
407 1473 637 1546 Carbo,
682 1474 917 1556 perlata
948 1473 1105 1553 lege,
1140 1495 1265 1556 qua
1298 1474 1587 1536 tabellam
1633 1475 1712 1535 ad
1742 1475 2044 1554 jubendas
2071 1495 2174 1537 ve·
2229 1486 2335 1538 cic.
2359 1488 2424 1537 de

260 1562 553 1633 tanda'sve
578 1571 741 1651 leges
764 1571 987 1655 populo
1010 1570 1220 1644 dabat,
1244 1574 1477 1651 majora
1490 1591 1676 1643 orsus,
1701 1574 2070 1650 rogationem
2095 1572 2170 1633 de
2194 1550 2315 1665 ΙῘῗξ·
2329 1556 2503 1680 ἓξὲξ·

262 1666 473 1727 iisdem
496 1666 747 1727 tribunis
767 1666 959 1749 plebis
984 1667 1217 1747 quoties
1250 1666 1474 1748 populo
1498 1666 1794 1728 videretur
1819 1667 2170 1743 reficiendis,

262 1762 681 1844 promulgavit.
765 1761 914 1824 Non
964 1772 1095 1823 erat
1136 1764 1473 1835 obscurum,
1518 1762 1736 1843 quibus
1777 1763 2038 1825 consiliis
2071 1766 2174 1825 via

260 1860 375 1921 boc
394 1860 687 1942 principio
706 1862 1049 1921 muniretur.
1132 1858 1327 1938 Igitur
1346 1845 1642 1941 principes
1659 1860 1918 1920 civitatis
1937 1860 2168 1921 dissua-
2227 1878 2332 1928 eie.
2357 1878 2476 1928 ιρι.

259 1963 464 2017 serunt
488 1956 703 2035 legem,
728 1956 805 2017 C.
832 1956 1071 2027 Laelius,
1090 1965 1155 2016 et
1168 1956 1511 2034 gravissima
1523 1956 1788 2017 oratione
1810 1955 1894 2018 P.
1923 1956 2170 2018 Africa—
2193 1948 2363 2057 3²⁶&
2401 2006 2456 2056 ,ιο

260 2073 389 2113 nus.
478 2051 699 2133 Itaque
720 2052 820 2113 lex
845 2060 971 2111 tam
992 2051 1295 2133 popularis
1318 2051 1609 2131 suffragiis
1627 2050 1834 2133 populi
1861 2053 2172 2134 repudiata
2195 2024 2302 2123 Cili:
2363 2022 2416 2072 pi

257 2158 368 2220 est,
396 2148 549 2210 licet
565 2148 929 2209 disertissimi
956 2148 1477 2227 gratiosissimique
1496 2148 1762 2209 homines
1787 2149 1846 2208 in
1873 2148 2170 2210 diversum

258 2247 609 2307 niterentur.
692 2243 863 2305 Nam
903 2253 967 2305 et
1005 2243 1187 2326 ipsius
1226 2243 1447 2304 tribuni
1486 2242 1715 2305 blanda
1753 2264 1890 2307 cum
1931 2265 2016 2316 re,
2043 2254 2169 2306 tum
2227 2267 2333 2318 cic.
2353 2268 2474 2317 Bm.

258 2340 559 2405 facundiae
602 2341 829 2403 viribus
862 2351 995 2402 erat
1026 2341 1238 2412 oratic,
1270 2348 1335 2400 et
1369 2339 1447 2401 C.
1484 2339 1799 2401 Gracchus
1839 2350 2165 2422 temporum
2191 2338 2264 2389 ²⁰»
2283 2348 2326 2381 ⁰·
2345 2337 2428 2383 2⁷.

256 2458 461 2499 eorum
508 2438 835 2499 uberrimus
876 2447 1095 2509 orator,
1146 2436 1427 2518 plebique
1468 2435 1644 2516 longe
1697 2438 2163 2517 acceptissimus,
2223 2445 2358 2495 Plut.

254 2518 455 2613 legem
472 2534 790 2613 diligenter
814 2516 1146 2615 magnaqu'e
1162 2532 1343 2595 animi
1363 2542 1547 2614 atque
1572 2534 1754 2593 etiam
1779 2532 2002 2595 doloris
2018 2554 2162 2596 con·
2186 2508 2496 2641 gffffflff'*

256 2631 523 2698 tentione
547 2630 857 2703 suadebat,
876 2631 971 2692 his
990 2630 1173 2691 ferme
1196 2629 1391 2691 verbis
1411 2650 1567 2691 usus.

334 2734 441 2791 37.
485 2736 503 2763 ‘
530 2727 597 2789 Si
646 2726 777 2789 fieri
818 2735 1035 2809 posset,
1077 2728 1369 2799 Quirites,
1406 2736 1475 2787 ut
1516 2729 1772 2808 majores
1809 2730 2012 2800 vestri,
2059 2732 2165 2810 qui

255 2832 379 2885 tam
407 2825 800 2885 necessariam
825 2818 1091 2885 libertati
1116 2832 1467 2905 potestatem
1494 2823 1680 2884 veluti
1721 2845 1826 2905 per
1853 2844 2060 2885 manus
2083 2825 2162 2885 ad

254 2922 383 2983 haec
409 2932 683 3003 tempora
706 2923 1168 2994 transmiserunt,
1205 2922 1589 3001 praesentibus
1623 2923 1880 2999 comitiis
1915 2922 2160 2981 interes-

252 3027 406 3090 sent,
452 3029 591 3080 ante
633 3020 856 3090 omnia,
898 3017 1098 3091 credo,
1140 3019 1511 3091 mirarentur,
1553 3018 1772 3098 ecquid
1817 3037 1968 3099 opus
2013 3030 2165 3080 emet

254 3117 414 3190 ferri,
442 3125 513 3177 ut
537 3117 759 3198 populo
775 3116 1037 3177 faciundi
1062 3114 1227 3198 quod
1249 3114 1437 3178 vellet
1445 3118 1550 3194 jus
1568 3124 1762 3175 esset:
1805 3136 1942 3175 cum
1961 3119 2165 3179 omnia

253 3212 459 3275 civilia
473 3217 619 3294 jura
644 3234 761 3276 non
788 3213 1027 3275 aliunde
1052 3233 1233 3295 quam
1264 3233 1302 3275 a
1323 3212 1634 3275 voluntate
1666 3211 1868 3293 populi
1897 3202 2160 3292 proficis-

254 3320 484 3382 cantur,
536 3312 709 3391 cujus
754 3330 1045 3371 summum
1090 3311 1152 3373 in
1192 3310 1437 3371 civitate
1468 3310 1573 3388 jus
1612 3318 1722 3369 est.
1827 3307 2066 3369 Deinde
2111 3310 2162 3368 si

254 3409 383 3487 quis
404 3406 651 3469 doceret
685 3408 799 3469 hoc
834 3408 971 3469 ideo
1006 3408 1127 3487 agi,
1168 3406 1328 3488 quod
1355 3406 1589 3486 legibus
1612 3416 1718 3467 aut
1741 3405 2000 3467 moribus
2026 3406 2162 3465 aliis

252 3514 567 3576 uteremur,
618 3513 817 3565 tamen
878 3506 985 3567 vix
1036 3504 1453 3583 intelligerent,
1505 3498 2006 3584 quemadmodum
2058 3512 2162 3563 aut

252 3601 565 3680 plebiscito
590 3601 793 3683 'populi
810 3604 915 3681 jus
956 3602 1252 3681 abrogari,
1282 3609 1385 3661 aut
1410 3600 1712 3660 obliterari
1737 3599 2158 3660 consuetudine

252 3708 466 3777 posset.
553 3699 717 3765 Quin
742 3698 979 3767 remotis
995 3698 1089 3757 his
1112 3697 1402 3769 ludibriis,
1425 3698 1522 3777 agi
1538 3696 1613 3757 de
1635 3696 1894 3757 utilitate
1913 3697 2160 3776 publica

241 3795 544 3873 juberent,
572 3805 638 3853 ut
663 3793 902 3854 tandem
926 3793 1179 3875 explosa
1203 3795 1410 3874 iniqua
1428 3804 1493 3854 et
1514 3792 1942 3854 contumeliosa
1966 3794 2156 3873 inqui-

251 3891 463 3950 sitione
488 3900 775 3971 quantum
801 3889 1039 3951 decerni
1075 3910 1113 3949 a
1144 3890 1371 3973 populo
1404 3900 1624 3971 posset,
1651 3889 1714 3949 id
1743 3888 1938 3969 potius
1962 3888 2155 3968 requi·
2189 3906 2206 3919 ·

252 3996 471 4046 teretur
496 3996 783 4066 quantum
810 3994 1125 4067 oporteret.

329 4088 429 4142 88.
474 4092 493 4118 ⁶
521 4080 599 4141 In
632 4084 747 4142 hac
794 4092 995 4144 autem
1028 4080 1480 4153 consultatione,
1522 4090 1792 4145 utrumne
1844 4081 2040 4161 potius
2075 4081 2154 4141 ad

252 4177 385 4238 illos
412 4179 754 4259 respicietis,
784 4179 1072 4249 Quirites,
1104 4179 1321 4259 quibus
1350 4188 1574 4240 vestras
1610 4180 1874 4240 miserias
1907 4177 2152 4248 laetitiae,

252 4283 313 4334 et
334 4276 671 4337 libertatem
699 4274 891 4336 dolori
918 4296 1043 4335 esse
1068 4276 1466 4353 cognovistis:
1510 4295 1583 4337 an
1614 4296 1754 4335 vero
1789 4272 1989 4335 valere
2023 4275 2154 4351 jus-1

704 4483 737 4533 ³
778 4480 841 4537 Q·
864 4492 960 4543 pro
986 4480 1047 4529 C·
1072 4486 1194 4529 ante
1222 4477 1377 4529 Crev.
1404 4466 1693 4539 legebatur.
