3225 5242
821 548 1031 607 unm
1082 555 1311 606 nxxr.
1355 552 2001 607 surrnnunwruu.
2346 540 2527 607 4435

259 707 355 761 ·et
379 698 636 781 populus
653 697 900 760 moleste
925 696 1196 761 ferebat⁶
1211 707 1305 761 tot
1325 720 1446 761 uno
1469 708 1739 781 tempore
1758 702 1918 761 viros
1942 698 2199 761 illustres
2221 697 2437 766 ΑΡΡῙΜ·

292 798 544 859 civitate
584 794 765 877 pelli;
809 805 872 856 et
909 797 1080 869 socii,
1124 816 1229 878 spe
1271 798 1431 857 omni
1471 796 1810 879 desperata,
1826 799 1933 877 jus
1964 818 2201 878 aequum

290 894 606 955 voluntate
643 892 1055 955 Romanorum
1081 894 1334 955 obtineri
1361 914 1555 975 posse,
1583 894 1663 954 ad
1698 892 2011 956 consilium
2055 894 2201 955 belli

290 992 683 1067 communiter
722 991 1014 1053 inferendi
1057 992 1202 1055 totis
1241 991 1454 1053 animis
1501 993 1651 1053 moti
1698 999 1856 1053 sunt.
1940 990 2201 1054 Nullum

291 1090 452 1149 enim
478 1098 874 1170 praeterquam
897 1090 956 1149 in
985 1090 1165 1149 armis
1187 1089 1512 1151 remedium
1531 1110 1833 1172 superesse
1858 1090 2203 1162 cernebant,
2236 1158 2244 1165 ,

295 1188 528 1247 amissis
546 1187 608 1247 in
632 1188 778 1247 urbe
805 1187 1089 1269 patronis,
1127 1196 1192 1247 et
1227 1188 1406 1249 unico
1421 1188 1556 1266 jam
1581 1188 1846 1261 crimine,
1875 1188 1925 1248 si
1952 1189 2087 1269 quis
2110 1188 2203 1249 fa-

293 1286 450 1345 visse
485 1285 662 1345 sociis
684 1283 1022 1346 videretur:
1065 1305 1258 1367 neque
1283 1285 1418 1346 aliis
1439 1286 1635 1347 causis
1674 1294 1781 1346 aut
1821 1286 1915 1347 M.
1941 1285 2204 1346 Drusum

294 1381 452 1453 luce,
483 1392 588 1443 aut
611 1392 838 1445 ceteros
862 1383 1058 1463 patria
1081 1402 1304 1445 carere.
1391 1381 1749 1465 Principum
1787 1383 1925 1444 inde
1956 1383 2207 1445 occultis
2229 1390 2339 1443 Liv.
2363 1392 2508 1459 Epic„

294 1482 673 1555 coitionibus,
701 1490 908 1564 postea
931 1482 1140 1543 horum
1173 1482 1430 1565 impulsu
1465 1481 1707 1565 publice
1748 1482 2095 1543 missitando
2119 1482 2205 1543 le-

161 1575 172 1584 ’
297 1590 490 1659 gatos,
525 1579 717 1641 foedus
751 1583 905 1641 inter
941 1581 1165 1642 multos
1204 1579 1459 1662 populos
1503 1581 1709 1641 ictum.
1796 1579 1877 1641 Id
1917 1588 2207 1661 quantum
2229 1590 2445 1657 Appiam.

297 1686 532 1759 poterat
565 1677 1004 1739 dissimulanter
1040 1678 1347 1759 agebatur.
1430 1676 1528 1739 Eo
1565 1678 1797 1739 tardius
1834 1679 2206 1742 animadver-

297 1784 426 1835 tere
451 1775 744 1849 Romani,
770 1796 1022 1856 quorum
1053 1777 1282 1839 animos
1305 1777 1594 1839 continua
1615 1775 1779 1838 domi
1794 1777 2055 1857 judicia,
2070 1798 2207 1859 quae

299 1892 542 1953 perraro
567 1873 694 1933 sine
719 1873 1011 1935 seditione
1037 1874 1538 1953 transigebantur,
1564 1874 1962 1956 occupabant.
2045 1874 2211 1955 Ergo
2266 1876 2418 1928 Diod.

299 1968 473 2032 velut
495 1991 601 2052 per
631 1972 822 2031 otium
849 1970 1091 2032 Italicae
1118 1980 1324 2051 gentes
1347 1991 1564 2032 novam
1588 1972 1937 2053 reipublicae
1959 1970 2209 2033 formam
2234 1941 2455 2058 ἒξῗξζι·
2520 1968 2529 1975 ’

301 2069 692 2129 commentari
732 2079 914 2149 atque
953 2068 1106 2131 sdeo
1130 2070 1486 2130 constituere
1523 2077 1867 2150 potuerunt,
1904 2068 1981 2130 ad
2004 2090 2211 2131 exem-

299 2164 469 2246 plum
489 2164 786 2226 Romanae
812 2166 1072 2227 civitatis
1089 2166 1448 2247 comparatis
1473 2164 1725 2246 leg-ibus.

385 2268 488 2323 46.
532 2262 738 2343 Caput
763 2284 978 2335 rerum,
999 2262 1352 2344 consiliique
1378 2264 1629 2344 publici,
1650 2272 1713 2325 et
1734 2264 1925 2325 omnis
1946 2283 2213 2327 necessa-
2270 2270 2425 2320 strab.
2452 2287 2501 2319 v.
2560 2254 2573 2267 ”

295 2360 377 2419 rii
421 2368 741 2443 apparatus
783 2381 1004 2433 arcem,
1053 2360 1385 2422 Corfinium
1428 2362 1665 2422 interim
1708 2354 1837 2423 esse
1881 2361 2215 2434 voluerunt,
2238 2352 2291 2403 Ρ·
2313 2339 2429 2387 ²⁴¹⁸

305 2456 702 2537 Pelignorum
754 2458 1078 2543 maximam
1131 2460 1357 2521 urbem.
1464 2457 1588 2519 Sed
1632 2459 1801 2520 velut
1844 2475 2215 2521 communem
2241 2465 2375 2518 vell.
2405 2483 2465 2516 ιι.
2489 2472 2542 2517 ε.

265 2568 272 2577 ·
304 2555 566 2615 omnium
588 2556 868 2637 patriam,
894 2576 1002 2637 pro
1025 2555 1293 2620 Corfinio
1323 2556 1604 2617 Italicam
1632 2558 2023 2639 appellantes,
2048 2558 2219 2618 curia
2241 2564 2393 2617 Diod.
2486 2618 2492 2626 ,

267 2658 272 2661 ’
305 2650 556 2732 foroque
591 2654 916 2735 ceterisque
943 2654 1200 2737 publicis
1223 2653 1494 2716 aedificiis
1519 2656 1823 2737 proposito
1862 2677 1969 2719 suo
1996 2676 2216 2717 conve-

307 2748 494 2809 nienti
521 2749 964 2829 magnificentia
987 2760 1370 2812 exornarunt.
1442 2752 1592 2814 Huc
1610 2748 1830 2814 deinde
1854 2752 2055 2815 omnia
2074 2754 2219 2814 belli

308 2846 589 2925 praesidia
612 2848 982 2910 concorditer
1006 2858 1323 2927 congesta;
1369 2850 1606 2911 obsides
1631 2871 1711 2913 ex
1736 2852 2009 2913 omnibus
2030 2872 2218 2933 popu-

308 2943 385 3004 lis
407 2946 568 3005 missi
591 2966 608 3013 ς
637 2966 856 3025 magna
873 2946 966 3008 vis
991 2947 1282 3028 pecuniae,
1298 2967 1518 3027 magna
1541 2946 1999 3009 commeatuum.
2044 2947 2219 3009 Sum-

307 3062 408 3101 ma
436 3043 696 3103 omnium
724 3064 905 3125 penes
929 3046 1285 3127 quingentos
1308 3046 1468 3107 viros
1507 3053 1657 3117 erat,
1694 3054 1824 3107 tota
1865 3045 2078 3118 Italia,
2114 3068 2221 3128 pro

305 3144 602 3221 cujusque
627 3142 886 3203 civitatis
911 3143 1143 3223 opibus,
1175 3141 1458 3204 delectos.
1542 3142 1675 3204 Hic
1700 3154 1937 3204 senatus
1962 3145 2219 3205 vocaba-

308 3248 426 3299 tur.
511 3238 612 3299 Ex
659 3240 774 3300 hoc
811 3260 1048 3301 numero
1067 3242 1238 3302 binos
1260 3241 1578 3322 quotannis
1602 3242 1899 3315 consules,
1920 3242 2224 3303 duodenos

308 3347 592 3419 praetores
609 3340 798 3399 creari
813 3339 1146 3421 oportebat.
1230 3349 1249 3376 ⁶
1271 3338 1578 3407 Quamdiu
1601 3340 1827 3401 bellum
1854 3348 2029 3413 esset,
2052 3340 2221 3401 alteri

306 3436 615 3497 consulum
635 3421 770 3495 cum
795 3454 902 3495 sex
929 3435 1278 3518 praetoribus
1312 3457 1351 3498 a
1378 3424 1651 3499 Cercolis
1666 3454 1692 3490 t
1717 3458 1905 3519 usque
1942 3436 2021 3499 ad
2062 3458 2223 3499 mare

311 3524 696 3593 Adriaticum
721 3533 1086 3615 provinciam
1109 3553 1270 3603 esse:
1313 3534 1562 3596 totidem
1589 3536 1721 3617 pari
1744 3534 1965 3596 honore
2008 3537 2222 3615 magis-

315 3630 570 3690 tratibus
591 3636 848 3690 ceteram
877 3628 1168 3701 Italiam,’
1191 3630 1514 3714 placuerat.
1585 3632 1755 3694 Inter
1780 3633 1909 3693 haec
1937 3630 2223 3704 Romani,

312 3726 480 3788 velut
493 3746 570 3787 ex
596 3724 890 3808 profundo
909 3736 1148 3808 stupore
1168 3729 1422 3809 receptis
1443 3728 1729 3802 sensibus,
1750 3748 2223 3817 quaqueversum
2250 3742 2465 3809 Appiam.

897 3915 932 3961 θ
965 3910 1142 3961 Ferret
1162 3910 1286 3961 edd.
1309 3916 1432 3963 ante
1457 3911 1615 3963 Crev.

1085 4037 1454 4061 ΝΜΟ

379 4132 408 4169 s
441 4120 674 4184 Cer-colis]
709 4120 829 4171 Hoc
873 4121 1016 4172 urbls
1045 4134 1234 4173 nornen
1305 4126 1598 4189 proximum
1621 4125 1779 4175 muris
1797 4122 2053 4176 Adriatici
2076 4124 2227 4179 littus

315 4190 632 4254 geographis
649 4188 969 4252 incognitum
988 4196 1086 4239 est.
1123 4188 1235 4239 lta·
1303 4190 1436 4239 duas
1451 4193 1502 4240 in
1527 4200 1708 4256 partes
1724 4190 1931 4241 ltaliam
1950 4190 2225 4250 divideret,

317 4268 422 4319 que
447 4254 655 4304 videtur
684 4252 888 4317 aliquod
914 4252 1094 4303 vitium
1117 4268 1235 4303 esse
1305 4268 1522 4319 quarum
1560 4272 1665 4307 una
1700 4256 1770 4307 ad
1799 4256 2227 4320 septemtrionem

317 4318 461 4382 apud
505 4319 814 4379 Diodorum,
859 4333 924 4368 ex
971 4332 1076 4385 quo
1117 4320 1235 4369 hec
1305 4329 1362 4371 et
1395 4322 1747 4383 occidentem,
1769 4322 1937 4371 alters
1964 4322 2031 4372 nd
2053 4322 2227 4373 orien-

316 4385 560 4443 desumta
588 4392 724 4434 sunt.
789 4382 872 4433 An
911 4382 1130 4434 Circeis?
1159 4385 1238 4434 ita
1307 4394 1414 4437 tem
1436 4394 1494 4438 et
1515 4396 1750 4439 austrum
1772 4394 2029 4454 vergeret.
2064 4390 2207 4438 Cres.

321 4459 380 4501 ut
423 4451 562 4500 linea
603 4450 672 4501 ab
715 4448 916 4501 Circeis
960 4450 1119 4501 ducta
1167 4448 1236 4501 ad
