3225 5242
727 490 904 558 4196
1703 506 1775 555 τ.
1806 502 2012 555 'mvn

763 650 870 701 cie.
906 648 1029 701 Bm·
1051 658 1187 711 tura
1203 648 1536 721 videbatur,
1551 648 1631 710 de
1649 648 1731 711 P.
1750 650 2001 731 Popillii
2020 648 2233 721 reditu,
2249 669 2425 730 quem
2444 648 2635 731 priore
2647 648 2955 716 tribunatu

730 722 860 840 ω’·ΰ·
883 719 968 767 34.
1053 768 1160 808 suo
1181 748 1256 808 G.
1281 747 1592 808 Gracchus
1611 748 1943 828 expulerat,
1974 747 2045 806 L.
2070 748 2431 828 Calpurnius
2460 748 2668 809 Bestia
2684 751 2961 812 tribunus

732 828 876 945 1,ξέξὲ
886 836 994 943 {3⁸²
1055 844 1246 927 plebis
1265 844 1342 905 ad
1364 843 1645 927 populum
1666 844 1836 904 tulit:
1882 844 2219 925 multisque,
2260 854 2325 905 ut
2342 866 2449 927 pro
2470 847 2829 908 nobilissimo
2848 849 2961 909 ho-

732 957 870 1015 Quir.
891 974 938 1009 c.
957 962 1008 1010 s,
1055 942 1235 1014 mine,
1253 942 1522 1022 cognatis
1541 942 1951 1021 affinibusque,
1972 942 2077 1005 sed
2098 943 2355 1003 maxime
2390 940 2531 1005 filiis
2564 943 2963 1006 adolescenti-

731 1036 1036 1090 0101·v·l⁸·
1055 1039 1168 1099 bus
1200 1039 1673 1121 deprecantibus,
1715 1039 1969 1119 populus
2003 1038 2254 1099 reditum
2285 1040 2481 1118 jussit.
2555 1040 2728 1100 Idem
2766 1062 2963 1101 annus

1051 1134 1226 1195 sicuti
1252 1136 1516 1196 Romam
1536 1137 1740 1195 urbem
1760 1136 2075 1206 discordia,
2116 1136 2208 1195 ita
2236 1136 2459 1196 Siciliae
2498 1146 2721 1218 partem
2750 1138 2959 1198 incen-

1051 1231 1167 1291 diis
1185 1240 1246 1293 et
1265 1234 1444 1293 ruinis
1463 1232 1747 1293 laceravit
1768 1253 1783 1293 ε
1812 1232 2132 1312 auditaque
2156 1233 2579 1293 Catanensium
2604 1234 2823 1313 legatio
2842 1245 2959 1306 est,

1055 1336 1074 1364 ⁶
1097 1330 1212 1389 sibi
1243 1329 1440 1389 AEtnae
1469 1330 1683 1391 montis
1714 1329 2012 1400 viciniam,
2039 1350 2197 1410 saepe
2224 1338 2287 1389 et
2316 1340 2491 1390 antea
2526 1351 2788 1409 gravem,
2826 1340 2960 1393 tum

1058 1424 1476 1505 propemodum
1501 1426 1813 1485 exitiosam
1831 1425 2031 1485 fuisse.
2116 1425 2283 1485 Nam
2304 1427 2381 1485 ab
2408 1446 2479 1487 eo
2506 1436 2703 1487 monte
2728 1436 2961 1487 torren-

1053 1523 1216 1582 tibus
1249 1524 1468 1602 ignium
1497 1522 1767 1604 profusiS‚
1794 1522 1943 1582 fines
1972 1543 2107 1582 suos
2142 1523 2302 1582 omni
2338 1523 2537 1583 hostili
2575 1524 2961 1605 impressione

1054 1617 1266 1679 soedius
1300 1629 1576 1680 vastatos.
1652 1619 1839 1679 Urbis
1874 1640 2110 1699 quoque
2148 1628 2307 1679 tecta
2346 1620 2501 1680 mole
2543 1622 2805 1681 cinerum
2846 1642 2961 1702 op-

1057 1735 1276 1795 pressa,
1303 1716 1508 1777 ardore
1529 1725 1763 1787 exusta,
1793 1719 2009 1797 passim
2040 1717 2409 1778 concidisse?
2496 1716 2751 1778 Senatus
2786 1717 2959 1778 leva-

1057 1831 1187 1871 men
1213 1812 1522 1886 malorum,
1547 1815 1972 1873 immunitatem
1997 1814 2350 1875 tributorum
2372 1822 2552 1875 atoue
2568 1813 2961 1895 vectigalium

1054 1910 1314 1969 omnium
1347 1912 1408 1970 in
1445 1932 1631 1971 annos
1666 1910 1875 1971 decem
1908 1911 2094 1972 dedit.

731 2004 1032 2081 oromati-
1135 2013 1237 2067 42.
1283 2008 1448 2068 Dum
1473 2010 1590 2069 ista
1615 2008 1834 2068 Romae
1862 2018 2160 2087 geruntur,
2183 2010 2266 2077 Q.
2298 2008 2521 2071 Fabius
2552 2008 2782 2081 consul,
2816 2029 2962 2071 cum

733 2069 1040 2186 132?th
1055 2104 1116 2163 in
1137 2106 1501 2185 provinciam
1519 2106 1797 2177 venisset,
1820 2106 2099 2167 adversus
2122 2107 2417 2168 Bituitum
2438 2106 2843 2167 Arvernorum
2866 2128 2963 2167 re-

739 2212 778 2248 ι.
801 2202 884 2250 45.
1057 2224 1214 2283 gem,
1235 2204 1339 2285 qui
1367 2225 1405 2264 a
1429 2204 1604 2285 priori
1625 2203 1821 2275 clade,
1843 2224 1920 2263 ex
1948 2203 2403 2283 Allobrogibus,
2427 2204 2869 2284 Ruthenisque,
2896 2213 2964 2265 et

729 2311 888 2364 Sti-ab.
913 2330 987 2367 ιν.
1054 2322 1163 2362 sua
1185 2303 1450 2373 civitate,
1474 2301 1634 2361 haud
1656 2303 1938 2361 minorem
1960 2303 2203 2383 pristino
2220 2302 2548 2361 exercitum
2570 2300 2963 2373 conflaverat,

731 2391 780 2441 Ρ·
805 2382 920 2429 ¹⁹¹·
1055 2418 1258 2460 versus
1276 2398 1504 2458 Isaram
1525 2397 1765 2471 flumen,
1786 2398 1946 2459 haud
1974 2400 2178 2481 procul
2200 2399 2485 2459 Rhodani
2504 2398 2963 2472 confluentibus,

1054 2496 1438 2577 progreditur.
1519 2496 1772 2567 Hostes,
1817 2498 1995 2556 etiam
2038 2498 2335 2579 paucitate
2372 2496 2787 2557 Rornanorum
2828 2496 2964 2557 ani-

733 2606 876 2657 Oroo.
1055 2596 1226 2665 mosi,
1254 2614 1433 2674 quam
1474 2602 1493 2629 ‘
1511 2594 1616 2655 vix
1636 2595 1905 2666 canibus,
1928 2616 2075 2674 quos
2098 2594 2345 2655 haberet
2366 2606 2429 2653 ln
2458 2614 2712 2673 agmine,
2740 2592 2961 2654 suffec-

1053 2692 1277 2750 turam'
1309 2691 1570 2751 Bituitus
1586 2692 1933 2771 jactitabat,
1960 2694 2148 2773 primo
2182 2713 2419 2773 quoque
2454 2700 2716 2772 tempore
2751 2691 2963 2771 cupie-

1054 2788 1200 2847 bant
1231 2787 1567 2868 confligere,
1596 2788 1743 2849 nihil
1766 2788 1927 2849 aliud
1954 2799 2302 2860 metuentes,
2331 2810 2511 2869 quam
2532 2810 2606 2848 ne
2628 2797 2903 2869 paratam
2924 2808 2961 2848 e

1050 2886 1326 2946 manibus
1363 2886 1522 2947 elabi
1559 2888 1871 2948 victoriam
1906 2888 2165 2948 sinerent
2198 2907 2213 2948 ε
2258 2888 2418 2967 quod
2463 2888 2619 2947 intra
2656 2884 2963 2947 hominum

763 2972 920 3023 strab.
935 2990 1011 3025 ¹V·
1053 2982 1245 3043 millia
1264 2984 1508 3063 triginta
1531 2984 1737 3045 consul
1766 2984 2130 3046 adduxisset.

729 3051 780 3099 p.
806 3042 922 3087 185.
1133 3086 1234 3141 43.
1283 3082 1391 3141 Ab
1432 3082 1546 3143 hac
1588 3082 1811 3143 fiducia
1846 3104 1983 3143 cum
2020 3084 2210 3144 multa
2244 3082 2607 3163 negligenter
2640 3091 2703 3143 et
2736 3090 2964 3141 temere

729 3175 860 3226 Plin.
885 3194 984 3230 vu.
1054 3175 1282 3249 fierent,
1317 3200 1391 3239 ea
1415 3180 1643 3239 consuli
1664 3180 1971 3261 patefacta
1988 3181 2223 3243 occasio
2248 3190 2360 3253 est,
2388 3190 2476 3253 ut,
2504 3198 2845 3261 quanquam
2872 3177 2965 3238 fe·-

730 3246 977 3369 ὅῖζρρὶω.
1053 3272 1144 3332 bri
1181 3284 1492 3353 quartana,
1517 3299 1646 3348 seu,
1683 3278 2179 3357 quemadmodum
2198 3278 2302 3339 alii
2330 3280 2701 3360 scripserunt,
2738 3276 2968 3336 recenti

739 3370 914 3421 Celtic.
1054 3369 1298 3433 vulnere
1325 3372 1560 3445 debilis,
1586 3394 1694 3435 suo
1732 3384 1997 3456 tempore
2030 3374 2282 3456 locoque
2318 3374 2605 3457 utendum
2633 3374 2965 3454 judicaret.

729 3432 872 3485 ⁰¹⁰⁸·
1057 3464 1344 3547 Namque
1373 3470 1659 3542 Bituitus,
1681 3470 1823 3532 licet
1843 3472 2207 3533 Rhodanum
2230 3482 2407 3554 ponte
2422 3472 2745 3552 junxisset,
2772 3478 2965 3529 trans-

1051 3562 1306 3625 ferendis
1329 3566 1582 3628 celerius
1603 3570 1792 3650 copiis
1817 3567 2270 3630 tumultuarium
2306 3569 2557 3629 alterum
2584 3588 2661 3628 ex
2689 3567 2967 3627 lintribus

1052 3662 1291 3735 struxit,
1319 3648 1488 3743 quos,
1518 3665 1791 3747 imposito
1815 3688 1895 3728 ex
1923 3668 2211 3729 asseribus
2248 3666 2540 3739 tabulato,
2581 3665 2806 3728 catenis
2842 3662 2963 3724 fer-

1053 3778 1168 3818 reis
1191 3760 1552 3823 revinxerat.
2658 3776 2667 3783 ·

1135 3862 1237 3917 44.
1265 3856 1468 3938 Regio
1487 3861 1565 3919 ob
1585 3861 1865 3921 viciniam
1886 3864 2194 3933 montium,
2219 3862 2437 3941 partim
2457 3880 2666 3942 aspera
2682 3858 2966 3929 collibus,

1055 3954 1273 4032 partim
1315 3957 1486 4035 aquis
1525 3957 1877 4038 interrupta,
1913 3959 2306 4019 mediocribus
2331 3978 2511 4039 quam
2540 3958 2771 4035 magnis
2794 3974 2968 4014 exer·

1051 4048 1270 4109 citibus
1291 4051 1644 4115 instruendis
1662 4055 1913 4116 habilior
1931 4066 2079 4117 erat.
2153 4054 2511 4117 Accedebat
2528 4064 2765 4135 tempus
2782 4052 2925 4112 anni
2946 4070 2962 4109 ε

1057 4148 1285 4225 magnis
1307 4150 1626 4225 caloribus,
1654 4173 1903 4232 quorum
1928 4153 2305 4235 impatientes
2326 4148 2497 4214 Galli
2514 4159 2671 4222 sunt,
2700 4167 2961 4209 momen-

1057 4250 1185 4304 tum
1219 4244 1488 4307 allaturis
1527 4250 1813 4309 victoriae.
1887 4250 2057 4311 Nam
2099 4250 2186 4312 A.
2230 4251 2313 4311 D.
2360 4267 2456 4311 VI.
2512 4248 2664 4309 Idus
2702 4245 2961 4324 August.

721 4330 765 4381 Ρ
768 4332 851 4383 ¹³¹¹·
1055 4338 1398 4405 dimicatum
1421 4355 1531 4410 cst.
1607 4346 1805 4429 Igitur
1826 4369 1999 4413 curru
2026 4348 2460 4413 circumvectus
2484 4364 2717 4429 agmen,
2746 4350 2873 4415 aut,
2909 4340 2959 4401 si
