3225 5242
882 578 1087 633 uam
1138 577 1241 627 m.
1282 575 1938 628 surranum-un.
2345 555 2524 626 ω

288 721 455 794 tim,
480 741 663 804 supra
704 723 959 804 ipsoram
998 723 1375 804 hostiumque
1414 721 1890 804 expectationem
1927 739 2020 782 res
2057 739 2193 802 pro·

288 823 569 894 cesserat)
619 819 944 880 exercitum
994 819 1234 880 induxit
1296 817 1526 890 consul,
1576 817 1804 899 duplex
1857 818 1935 877 ab
1985 815 2196 880 eodem

288 906 493 976 labore‘
530 915 906 977 commodum
951 925 1271 977 assecutus.
1352 914 1525 977 Nam
1561 923 1627 976 et
1664 915 1872 975 castris
1913 923 2194 996 opportu-
2277 974 2290 994 Ι

286 1029 423 1073 nam
444 1012 645 1074 seda-
666 1013 879 1074 eadem
904 1014 1269 1074 munimenta
1292 1012 1672 1095 praebebmt3
1716 1021 1783 1074 et
1793 1011 1926 1074 vice
1945 1011 2194 1073 circum-

280 1108 625 1171 vallatio-is
648 1110 811 1172 omni
836 1129 875 1171 a
896 1117 1055 1172 terra
1086 1109 1255 1172 aditu
1292 1108 1553 1181 occluso,
1579 1109 1868 1170 arcebant
1897 1127 2192 1170 commea-

276 1215 379 1267 tus
403 1206 509 1289 qui
546 1208 837 1269 batenus
870 1227 947 1268 ea
982 1215 1155 1288 parte
1192 1205 1395 1267 inferri
1430 1205 1494 1266 in
1518 1207 1726 1267 urbem
1747 1211 2192 1267 consueverant.

286 1302 537 1382 Magnas
584 1311 785 1364 tamen
836 1303 1029 1365 adbuc
1070 1301 1241 1364 mol'n
1280 1311 1415 1368 erat
1448 1299 1702 1374 obsidio,
1743 1319 1880 1363 cum
1917 1300 2192 1362 mnium

281 1399 765 1480 inexpugnabilis
789 1398 1090 1462 firmitudo
1122 1400 1304 1462 etiam
1332 1419 1371 1462 a
1394 1399 1659 1460 maximo
1697 1406 2190 1482 propugnatorum
2213 1399 2385 1451 zonat.

282 1487 527 1556 numero
572 1495 1029 1558 defenderetur:
1089 1515 1239 1579 quos
1287 1495 1487 1558 adhuc
1537 1514 1576 1557 a
1629 1495 1856 1576 Bithy·
1903 1493 2192 1554 summissi
2215 1497 2429 1566 Appias.
2531 1563 2538 1576 ι

278 1600 645 1654 commeatus
700 1594 1128 1656 sustentabant.
1209 1591 1628 1672 Redigebatur
1673 1599 1872 1652 tamen
1925 1587 2192 1671 quotidie

280 1706 520 1750 munna
544 1688 605 1749 in
631 1689 777 1750 urbe
800 1690 1053 1769 gravior,
1070 1709 1229 1762 cum,
1244 1697 1460 1772 praeter
1476 1687 1912 1771 oppidanorum
1934 1686 2190 1758 turbam,

276 1785 545 1844 maxima
568 1786 871 1846 bominum
906 1785 1225 1848 multitudo
1246 1804 1326 1847 ex
1354 1784 1509 1866 agris
1531 1805 1605 1846 eo
1627 1781 2030 1855 confluxioeet,
2055 1801 2193 1863 qure

280 1899 473 1960 neque
497 1901 603 1963 per
624 1882 879 1943 hosfium
904 1891 1127 1944 metum
1150 1891 1325 1944 extra
1346 1883 1564 1944 moenia
1587 1880 1850 1942 audebat
1873 1877 2144 1962 progredi
2168 1899 2187 1948 ς

280 1995 473 2058 neque
512 1979 893 2041 subvectione
924 1980 1246 2062 peregrinae
1280 1997 1549 2051 annonae‚
1576 1977 1998 2039 mercatoribus
2035 1976 2188 2060 peri·-

267 2061 483 2134 'culum
496 2075 847 2148 vitantibus,
860 2075 1299 2138 mhlevabatur.
1374 2075 1636 2136 Tantiun
1659 2095 1738 2136 ex
1756 2075 1956 2138 vidna
1975 2073 2194 2142 Africa

278 2189 371 2232 res
396 2173 742 2232 neccesarius
764 2173 1022 2233 terrestri
1044 2173 1455 2256 maritimoque
1470 2173 1680 2234 itinere
1695 2171 2036 2241 veniebant,
2055 2189 2190 2252 par·

278 2267 413 2326 eius
434 2286 473 2327 a
496 2269 669 2340 mari,
694 2267 873 2330 modo
906 2271 1376 2352 tempestatibus,
1400 2269 1579 2333 modo
1602 2289 1710 2352 per
1731 2269 1984 2332 classem
2007 2267 2188 2329 bosti-

280 2381 379 2422 um
403 2384 613 2446 parum
640 2373 771 2426 tuta
802 2367 1201 2445 navigatione.
1673 2359 1678 2368 ’

282 2482 290 2491 ·
356 2465 461 2520 13.
502 2459 675 2522 Tunc
700 2469 901 2524 autem
924 2463 1249 2545 intersepta
1286 2462 1521 2546 penitus
1542 2463 1646 2525 via
1670 2480 1792 2543 qua
1827 2467 1936 2546 p‘er
1969 2469 2188 2520 terram

277 2563 405 2615 crat
430 2555 651 2631 aditus,
675 2557 869 2620 forum
894 2578 1084 2620 rerum
1108 2558 1407 2622 venalium
1430 2561 1694 2621 maxima
1723 2559 1814 2620 sui
1847 2565 2016 2640 parte
2037 2553 2189 2616 defi·

272 2651 463 2724 ciens,
517 2653 1035 2735 Carthaginienses
1080 2663 1243 2718 metu
1293 2657 1471 2718 famis
1516 2667 1581 2718 et
1618 2659 1754 2737 jam
1800 2650 2188 2716 incommodis

276 2751 553 2828 angebat.
622 2750 845 2833 Neque
871 2751 1151 2835 Bithyna,
1174 2754 1441 2835 quicum
1467 2754 1736 2835 equitatu
1759 2761 1900 2813 ante
1921 2750 2186 2812 clausam
2239 2761 2375 2826 said.
2397 2763 2448 2812 in

272 2844 481 2907 urbem
533 2849 780 2910 emissus
832 2847 911 2910 ad
958 2849 1419 2932 comparandam
1470 2869 1764 2912 annonam
1813 2849 2031 2918 fuerat,
2079 2865 2186 2926 per
2208 2827 2378 2890 ΜΨ·

270 2950 469 3003 castra
486 2942 783 3027 Scipionis
808 2965 1201 3028 perrumpere,
1218 2955 1325 3008 aut
1344 2947 1585 3008 omnino
1608 2945 1848 3029 propius
1870 2941 2186 3006 succedere
2209 2956 2425 3024 Appium.
2481 2997 2488 3003 .

272 3041 573 3104 audebat:
612 3041 719 3102 sed
754 3041 931 3121 longo
960 3043 1273 3104 circumitu
1296 3043 1611 3106 devectum
1637 3041 1718 3104 ad
1741 3063 1902 3104 mare
1925 3039 2182 3101 fiumen·-

268 3145 397 3199 tnm
436 3138 853 3200 committebat
890 3139 1165 3212 navibus,
1203 3161 1361 3222 quae,
1402 3141 1716 3202 observato
1751 3137 2186 3202 vehementiore
2265 3197 2279 3216 s

270 3243 475 3306 vento,
502 3253 613 3316 per
647 3233 897 3296 classem
932 3233 1351 3298 Romanorum·
1376 3245 1515 3299 ante
1548 3237 1753 3297 urbem
1791 3235 2184 3302 exultantem,

268 3329 678 3392 illaberentnr.
762 3329 935 3392 Nam
984 3341 1053 3393 ut
1098 3333 1161 3393 in
1210 3332 1448 3396 vadosis
1497 3332 1988 3415 importuosisque
2037 3329 2186 3390 locis
2243 3335 2254 3344 ’

266 3445 510 3508 sparsa,
546 3436 611 3488 et
644 3427 875 3508 longius
907 3448 947 3491 a
978 3429 1289 3503 mnibus,
1324 3439 1487 3491 metu
1522 3437 1968 3500 tormentorum,
2001 3435 2066 3486 et
2097 3425 2182 3485 ibi

266 3525 533 3585 maxime
556 3523 1039 3588 tumultuantium
1074 3525 1383 3600 fluctuum,
1410 3535 1654 3598 stantes,
1697 3525 1934 3587 facilem
1960 3521 2182 3605 praebc-

266 3619 417 3681 bant
466 3622 751 3682 onerariis
798 3623 1113 3684 transitum
1142 3643 1160 3684 z
1221 3643 1415 3705 neque
1473 3622 1746 3706 persequi
1793 3632 2182 3700 transgressas

267 3733 407 3777 usus
430 3725 583 3790 erat,
604 3737 742 3778 cum
765 3727 946 3780 vento
969 3739 1010 3780 a
1032 3721 1183 3782 mari
1207 3719 1438 3782 fortiter
1463 3719 1648 3782 flaute
1695 3720 1838 3798 (boc
1870 3717 2026 3778 enim
2051 3714 2179 3777 solo
2202 3720 2373 3799 Zonqr.

264 3821 535 3896 tempore
559 3815 909 3895 utebantur)
942 3815 1231 3896 fugientia
1250 3817 1391 3878 vela
1428 3817 1595 3880 nullo
1627 3815 1872 3895 remigio
1895 3813 2177 3910 consequi
2203 3788 2420 3854 ΛΡΜ·

264 3910 535 3978 tritona
555 3919 815 3993 possent.
896 3910 999 3974 Sic
1033 3912 1277 3996 Bithyna
1300 3933 1507 3988 naves,
1527 3914 1615 3976 sic
1639 3922 1707 3974 et
1727 3912 1866 3974 alite
1889 3917 2178 3972 mercato·

264 4025 420 4079 rum,
464 4006 569 4088 qni
623 4007 771 4068 lucri
820 4027 1003 4069 causa
1047 4003 1342 4092 quidlibet
1388 4009 1732 4072 audendum
1778 4006 2178 4078 crediderant,

266 4101 529 4183 aliquem
598 4103 875 4166 frumenti
940 4103 1179 4168 modum
1249 4105 1676 4187 Carthaginem
1739 4105 2174 4168 convehebant.

268 4195 389 4256 Sed
440 4217 631 4282 neque
678 4219 839 4282 sape
889 4204 1020 4281 ejus
1068 4205 1153 4262 nei
1206 4203 1567 4265 obveniebat
1619 4200 2050 4264 commoditas:
2112 4206 2179 4258 et

266 4291 553 4374 quicquid
592 4295 907 4358 advectum
946 4296 1165 4370 fuerat,
1188 4299 1293 4360 vix
1336 4299 1587 4362 delectis
1626 4299 1706 4360 ad
1751 4297 2024 4360 militiam
2049 4293 2172 4356 suf-

268 4385 525 4454 ficiebat.
606 4391 881 4473 Triginta
903 4393 967 4455 hi
992 4394 1179 4456 millia
1204 4395 1554 4479 implebant,
1580 4397 1796 4480 quibus
1821 4389 2175 4458 Hasdrubal
