3225 5242
721 577 901 642 441⁰

737 1242 942 1295 ‚Justim

725 1323 964 1358 xxxvnx.
981 1310 1034 1360 2.

724 1379 778 1421 et
797 1377 847 1424 5.

725 1721 884 1772 Strab-

757 2003 792 2053 J
795 2005 944 2056 ustin-

725 2083 968 2122 xxxvnr.
978 2074 1031 2122 ⁸.
1057 2100 1070 2115 ·

725 2295 774 2344 A
782 2299 948 2361 ppian.

685 2403 694 2416 ‘
722 2397 755 2446 J
761 2396 908 2450 nstin

1794 593 1863 641 'l'-
1897 588 2094 642 mvn

1055 740 1244 822 ipsam
1289 736 1819 809 immortalitatem,
1860 757 2008 798 esse.
2090 734 2317 796 Tamen
2364 743 2629 818 repertos
2668 733 2815 805 dici,
2856 737 2963 817 qui

1053 838 1170 900 hoc
1195 844 1445 918 accepto
1469 855 1709 898 munere
1735 834 1915 897 valde
1943 833 2319 895 indoluerint.
2412 833 2588 894 Adeo
2612 831 2965 914 quemlibet,

1051 954 1171 996 non
1190 935 1352 1017 quod
1379 935 1695 1016 optimum,
1720 932 1829 993 sed
1852 932 2017 1014 quod
2056 933 2173 992 sibi
2204 932 2821 994 convenientissimum
2859 931 2961 1002 sit,

1051 1039 1334 1114 expetere
1376 1032 1618 1092 dehere.
1721 1030 1853 1092 Sibi
1898 1031 2147 1112 liquere,
2192 1049 2311 1091 non
2352 1047 2525 1112 pone
2568 1025 2964 1110 Cappadoces

1051 1130 1178 1191 sine
1215 1149 1354 1209 rege
1385 1129 1631 1192 vivere?

1133 1235 1236 1290 49.
1279 1226 1550 1288 Romani
1592 1235 1611 1281 ἕ
1642 1224 1789 1286 nihil
1824 1245 1939 1285 sua
1970 1223 2225 1286 referre’
2260 1221 2549 1294 dicentes,
2596 1230 2617 1260 ⁴
2644 1221 2697 1282 si
2740 1221 2963 1302 regiam

1051 1326 1394 1387 servitutem
1411 1323 1828 1406 Cappadoces,
1848 1342 2031 1404 quam
2056 1320 2395 1382 libertatem
2418 1339 2653 1402 requam
2672 1318 2965 1390 mallent:

1052 1444 1234 1504 quem
1259 1422 1485 1484 vellent
1508 1441 1586 1482 ex
1611 1423 1733 1482 suis
1756 1421 1871 1502 ipsi
1894 1420 2181 1500 legerent,
2208 1419 2613 1500 permiserunt.
2698 1415 2776 1478 Iu
2802 1416 2963 1477 Gor-

1051 1519 1220 1580 dium
1263 1520 1588 1580 multorum
1650 1515 2020 1579 inclinabant
2068 1515 2355 1578 affectus:
2415 1516 2523 1576 sed
2567 1515 2713 1597 quia
2763 1514 2965 1596 palam

1053 1627 1205 1689 erat,
1243 1618 1538 1697 ingratum
1585 1616 1649 1679 id
1696 1617 1775 1676 ob
1820 1615 2151 1678 amicitiam
2176 1613 2399 1675 Gordii
2430 1633 2571 1674 cum
2608 1613 2965 1674 Mithridate

1059 1701 1342 1775 Romano
1379 1714 1602 1796 populo
1636 1713 1785 1784 fore,
1824 1712 2301 1774 Ariobarzanem
2328 1710 2619 1790 legerunt.
2706 1708 2967 1770 Senatus

1053 1831 1118 1870 re
1143 1809 1352 1870 audita
1377 1829 1624 1889 regnare
1650 1808 2130 1870 Ariobarzanem
2144 1807 2346 1887 jussit.
2430 1807 2527 1868 At
2554 1804 2962 1878 Mithridates,

1054 1908 1159 1986 qui
1204 1925 1316 1966 nec
1361 1907 1635 1966 omittere
1668 1901 2149 1986 Cappadociam,
2174 1923 2289 1964 neo
2324 1901 2627 1964 offendere
2652 1902 2967 1964 Romanos

1051 2003 1414 2073 sustinebat:
1461 2001 1811 2063 affinitatem
1830 1995 1883 2026 ¹²
1924 2021 2065 2063 cum
2104 1999 2364 2080 Tigrane
2398 1999 2713 2072 Armenio,
2737 1999 2885 2060 data
2908 2001 2963 2060 ei

1053 2119 1115 2160 in
1141 2101 1576 2161 matrimonium
1613 2099 1748 2160 filia
1792 2119 1903 2160 sua
1936 2098 2289 2181 Cleopatra,
2320 2099 2639 2160 contrahit.
2723 2095 2964 2158 Deinde

1055 2218 1162 2277 per
1188 2196 1486 2258 Gordium
1511 2196 1954 2258 dissimulanter
1991 2197 2258 2275 instigat,
2280 2205 2351 2256 ut
2385 2183 2785 2256 Ariobarzani
2812 2213 2967 2256 novo

1053 2303 1118 2355 et
1153 2297 1316 2374 segni
1363 2297 1488 2374 regi
1522 2293 1751 2356 bellum
1791 2292 2024 2354 inferat.
2110 2292 2436 2354 Mittuntur
2474 2312 2515 2353 a
2550 2291 2811 2372 Tigrane
2838 2291 2966 2351 Mi-

1053 2392 1264 2452 thraus
1288 2400 1353 2452 et
1370 2391 1616 2470 Bagoas
1638 2390 1851 2459 ducem
1894 2410 2147 2471 quorum
2175 2391 2367 2471 primo
2390 2388 2654 2452 adventu
2672 2388 2963 2452 Ariobar-

1055 2508 1257 2562 zanes,
1281 2488 1536 2549 sublatis
1559 2487 1737 2549 rebus
1760 2487 1903 2560 suis,
1933 2485 2199 2549 Romam
2226 2487 2505 2570 profugit.

723 2585 818 2700 cPl
821 2594 892 2636 ιιι
907 2583 1028 2651 Syll.
1134 2595 1233 2647 60.
1297 2585 1430 2648 Hic
1475 2605 1671 2648 rerum
1714 2593 1903 2646 status
1950 2604 2088 2646 cum
2131 2586 2321 2648 virum
2362 2605 2559 2646 acrem
2602 2584 2868 2667 bellique
2902 2595 2999 2648 et·

723 2655 1004 2764 c'Amnetd

723 2779 1028 2832 Vir-‚ullium

723 3171 854 3220 Plut-

619 3663 628 3674 ·
726 3661 830 3710 [ἰν.
853 3661 987 3727 Epit.

725 3728 860 3777 Plut.

1054 2685 1222 2765 pacis
1259 2684 1484 2744 artibus
1523 2690 1819 2764 promtum
1846 2681 2232 2762 desideraret,
2262 2681 2335 2742 L.
2364 2681 2581 2763 Syllae,
2610 2682 2714 2762 qui
2748 2691 2965 2764 praetor

1014 2779 1354 2860 -superiore
1381 2799 1536 2840 anno
1561 2779 1781 2850 fuerat,
1810 2753 2033 2839 Cilicia
2064 2777 2373 2860 provincia
2394 2777 2757 2868 decernitur,
2784 2777 2961 2840 finiti-

1051 2897 1154 2936 ma
1195 2875 1639 2958 Cappadociae·
1622 2919 1637 2935 .
1680 2894 1799 2936 non
1836 2884 2070 2936 tantum
2096 2883 2166 2936 ut
2188 2895 2321 2936 eam
2348 2877 2503 2936 inter
2537 2878 2701 2956 regni
2730 2875 2965 2958 Syriaci

1053 2974 1388 3054 praecipites
1409 2993 1605 3044 casus,
1634 2992 1782 3051 quos
1806 2980 2075 3032 extremo
2108 2971 2223 3032 hoc
2258 2971 2413 3032 libro
2438 2990 2829 3053 exponemus,
2856 2993 2963 3056 po-

1053 3069 1199 3150 pulo
1225 3067 1508 3129 Romano
1532 3077 1829 3138 servarem
1871 3067 1976 3128 sed
2016 3069 2201 3130 etiam
2238 3077 2306 3129 ut
2338 3066 2620 3129 adversus
2645 3068 2963 3149 Tigranem

1057 3165 1596 3245 Mithridatemque
1631 3185 1801 3244 reges
1824 3183 1901 3224 ex
1940 3165 2275 3246 propinquo
2296 3173 2361 3225 et
2386 3164 2700 3246 providere
2726 3186 2864 3246 quoe
2886 3186 2963 3228 ex

1052 3263 1363 3344 republica
1409 3271 1628 3333 essent,
1668 3270 1731 3321 et
1780 3263 1983 3322 conari
2021 3261 2261 3322 facilius
2302 3271 2515 3343 posset.
2550 3283 2571 3296 ··
2621 3261 2689 3322 Is
2728 3263 2965 3324 modica

1052 3380 1250 3419 secum
1278 3359 1541 3420 adducta
1574 3358 1830 3418 militum
1870 3378 2071 3428 manu,
2100 3366 2363 3418 ceterum
2404 3358 2693 3418 sociorum
2720 3359 2965 3421 auxiliis

1049 3458 1404 3526 instructior,
1460 3455 1759 3516 Gordium
1812 3472 1951 3516 cum
2016 3453 2484 3536 Cappadocibus
2533 3465 2961 3529 occurrentem,

1049 3553 1252 3614 multis
1276 3553 1528 3612 hostium
1555 3551 1903 3624 interfectis,
1930 3551 2239 3635 profligat:
2282 3571 2423 3613 mox
2458 3551 2796 3626 Armenios,
2822 3575 2963 3635 sup·

1049 3652 1242 3731 petias
1279 3650 1374 3710 illi
1417 3650 1743 3721 venientes,
1770 3650 1985 3730 majori
2030 3670 2169 3718 cum
2208 3659 2405 3730 strage
2444 3650 2701 3732 expellit
2740 3671 2923 3732 regno
2940 3673 2961 3715 τ

1050 3747 1478 3828 reductumque
1505 3745 2007 3818 Ariobarzanem,
2036 3747 2269 3806 nemine
2295 3747 2455 3808 ultra
2498 3748 2767 3808 resistere
2793 3768 2959 3820 auso,

1051 3864 1248 3922 regem
1292 3843 1580 3924 appellat.

1133 3949 1232 4002 51.
1277 3940 1434 4001 Cum
1475 3939 1693 4001 deinde
1730 3939 2099 4022 provinciam
2142 3941 2351 4002 obiens
2389 3942 2550 4002 circa
2592 3941 2959 4023 Euphratem

997 4073 1003 4081 ·
1053 4049 1276 4118 ageret,
1314 4047 1600 4100 venerunt
1642 4038 1722 4098 ad
1766 4057 1904 4098 eum
1939 4039 2017 4098 ab
2047 4038 2280 4100 Arsace
2308 4039 2672 4100 Parthorum
2696 4059 2835 4119 rege
2872 4039 2959 4101 le·

1053 4138 1200 4216 gati,
1228 4137 1552 4196 amicitiam
1569 4135 1785 4216 populi
1810 4135 2075 4196 Romani
2103 4137 2377 4216 petitum.
2462 4136 2685 4216 Neque
2713 4158 2957 4218 parvum

1051 4234 1116 4294 id
1144 4233 1412 4315 Syllanae
1437 4233 1745 4294 felicitatis
1770 4241 2179 4312 argumentum
2213 4241 2473 4314 putatur,
2502 4234 2663 4314 quod
2690 4254 2729 4294 a
2754 4255 2955 4315 regum

1527 4421 1590 4470 12
1623 4417 1876 4484 *affinitate
1898 4415 2168 4482 legebatur
2190 4425 2315 4469 ante
2340 4417 2497 4471 Crev-
