3225 5242
870 639 1081 690 unm
1135 639 1232 691 u.
1277 637 1928 692 SUPPLBMBNTUH.

295 782 382 841 ris
411 790 477 841 et
512 781 852 861 peronibus,
879 780 1126 864 aliisque
1159 781 1480 844 levioribus
1513 784 1768 864 navigiis
1790 783 1953 844 haud
1978 783 2206 866 paucis,

297 877 382 937 ad
407 896 642 938 omnem
669 898 836 939 usum
859 877 1004 938 belli
1029 887 1424 961 terroremque
1447 879 1703 942 hostium
1736 881 2208 942 insu-notissimis.

297 973 582 1046 Constat,
623 975 674 1034 si
715 975 912 1036 statim
943 977 1361 1055 annavigatum
1394 983 1548 1036 esset
1571 975 1872 1036 Romanae
1894 977 2093 1048 classi,
2118 985 2211 1038 to-

295 1077 424 1130 tam
451 1071 512 1130 in
541 1069 798 1132 hostium
819 1079 1170 1152 potestatem
1194 1071 1372 1132 fuisse
1399 1071 1699 1133 futuram:
1742 1072 1895 1134 adeo
1919 1073 2047 1154 ipso
2072 1074 2211 1134 novi

295 1175 506 1246 portus
547 1176 612 1228 et
651 1166 858 1228 classis
897 1169 1184 1229 hactenus
1215 1169 1502 1248 ignoratae
1527 1167 1818 1230 miraculo
1844 1169 2077 1230 attoniti
2102 1169 2211 1230 ob-

293 1282 554 1323 sessores
578 1271 766 1324 erant.
851 1263 1230 1336 Accedebat,
1258 1264 1419 1346 quod
1451 1265 1696 1327 nautica
1728 1265 1907 1326 turba
1936 1263 2059 1326 fere
2084 1285 2211 1326 om-

293 1359 394 1418 nis
431 1358 512 1418 ad
555 1360 716 1420 urbis
750 1359 1167 1442 oppugnandis
1209 1361 1404 1422 varias
1445 1369 1642 1443 partes
1686 1361 1969 1434 abducta,
1994 1381 2217 1423 vacuas

295 1453 708 1517 defensoribus
729 1476 910 1518 naves
932 1457 1270 1538 reliquerat.
1355 1457 1707 1518 Maluerunt
1726 1457 1929 1529 Poeni,
1953 1465 2212 1520 ostenta-

293 1551 458 1612 tione
485 1553 706 1613 virium
739 1572 812 1615 ac
837 1552 1160 1625 industriae,
1189 1555 1426 1614 inanem
1452 1553 1721 1615 laetitium
1746 1573 2005 1636 pascere,
2032 1575 2213 1636 quam

291 1647 550 1709 solidum
576 1649 838 1731 aliquem
863 1649 1116 1711 fructum
1142 1649 1294 1711 ferre
1321 1651 1472 1712 tanti
1501 1649 1739 1710 laboris.
1810 1649 2031 1732 Neque
2058 1651 2213 1711 enim

292 1745 376 1804 nd
413 1765 663 1825 magnes
694 1747 1032 1808 occasiones
1067 1765 1298 1828 semper
1329 1766 1514 1826 gnara
1539 1746 1742 1807 utendi
1770 1767 1934 1808 mens
1960 1747 2213 1808 homini-

290 1841 406 1902 bus
428 1841 653 1903 daturi
691 1843 981 1923 multique
1005 1842 1184 1904 citius
1218 1843 1489 1903 abstrusa
1513 1852 1845 1924 penetrare,
1872 1863 2051 1923 quam
2078 1861 2215 1924 quae

291 1946 431 2000 ante
457 1938 644 2019 pedes
666 1949 838 2000 eraut
862 1940 1056 2020 posita
1080 1940 1410 2020 prospicere
1443 1947 1713 2020 potuere,
1740 1937 1883 1998 dum
1908 1939 2033 1998 istis
2059 1939 2211 2000 acri-

289 2043 384 2094 ter
423 2035 660 2108 intenti,
700 2035 778 2096 ad
819 2035 1117 2118 propiora,
1159 2044 1442 2116 tauquam
1485 2034 1635 2095 nihil
1676 2035 1953 2096 habitura
1992 2035 2210 2114 magni,

291 2130 556 2211 quodam
580 2131 822 2192 fastidio
847 2131 1326 2213 negligentiaque
1351 2131 1637 2211 caligant.

371 2233 476 2288 16.
517 2226 726 2290 Tertio
749 2237 886 2310 post
907 2226 1005 2288 die
1030 2227 1226 2288 denuo
1249 2228 1494 2307 egressis
1517 2228 1801 2290 instructa
1813 2231 1949 2307 jam
1976 2226 2209 2288 Roma-

291 2341 372 2382 na
413 2323 624 2384 classis
663 2345 726 2384 se
769 2325 1011 2404 objecit.
1110 2324 1458 2404 Pugnatum
1506 2333 1598 2384 est
1643 2344 1871 2384 summa
1916 2324 2209 2404 utrimque

291 2421 622 2480 animorum
648 2441 1074 2502 corporumque
1100 2421 1494 2494 contentione,
1511 2441 1650 2482 cum
1674 2421 1733 2480 in
1760 2420 1875 2482 hoc
1890 2421 2209 2481 certamine

289 2523 478 2576 totum
522 2517 628 2576 alii
668 2517 899 2598 salutis,
928 2517 1032 2578 alii
1055 2517 1324 2578 victoriae
1365 2537 1528 2600 spem
1569 2517 1885 2578 consistere
1910 2515 2071 2576 haud
2097 2517 2206 2576 im-

289 2613 498 2673 merito
519 2614 944 2675 existimarent.
1029 2614 1287 2676 Pnnicae
1316 2635 1519 2686 naves,
1545 2624 1614 2674 ut
1642 2613 2046 2693 magnitudine
2072 2612 2207 2674 hos-

289 2707 484 2768 tilium
522 2710 902 2788 urgebantur,
931 2712 1018 2771 ita
1057 2709 1311 2771 nauticis
1344 2711 1570 2771 artibus
1599 2719 1664 2770 et
1703 2708 1947 2770 levitate
1984 2708 2205 2769 subdu-

287 2805 509 2866 cebant
561 2825 626 2866 se
679 2805 976 2887 periculis,
1027 2827 1222 2888 neque
1271 2806 1639 2868 mediocriter
1690 2804 2206 2867 incommodabant
2288 2829 2301 2839 -

283 2899 580 2973 hostibus,
604 2921 742 2963 cum
781 2903 962 2963 celeri
1000 2903 1252 2985 appulsu
1289 2923 1472 2964 naves
1495 2904 1646 2963 iuter
1670 2911 1733 2963 et
1754 2921 2045 2962 remorum
2070 2899 2203 2982 pal-

285 2997 480 3058 mulas
503 2999 940 3069 subinmrent;
983 3009 1048 3059 et
1077 2999 1222 3059 alibi
1248 3001 1546 3060 terebrata
1569 3019 1791 3081 puppe,
1820 2998 1963 3058 alibi
1991 2999 2202 3076 guber-

283 3094 520 3156 mulis
560 3104 669 3155 aut
709 3097 884 3156 remis
922 3093 1187 3167 detersis,
1214 3105 1319 3156 aut
1361 3097 1483 3157 alio
1525 3117 1629 3178 per
1664 3095 2035 3156 occasionem
2058 3092 2205 3153 dato

280 3189 530 3262 damno,
575 3192 916 3273 priusquam
968 3193 1264 3273 prohiberi
1307 3202 1414 3252 aut
1461 3192 1645 3275 plecti
1686 3199 1947 3274 possent,
1990 3188 2203 3249 eadem

281 3289 592 3350 celeritate
633 3288 984 3370 refugerent.
1069 3287 1259 3350 Hunc
1305 3290 1383 3350 ad
1425 3291 1665 3351 modum
1705 3287 1962 3378 cum-nd
2012 3301 2202 3348 seram

284 3405 468 3467 nsque
493 3405 804 3468 vesperam
842 3387 1066 3446 incerta
1088 3387 1342 3448 victoria
1381 3397 1707 3470 pugnatum
1731 3395 1905 3458 esset,
1930 3385 2200 3461 Punica-

279 3501 410 3544 rum
451 3484 698 3544 navium
741 3483 1262 3562 gubernatoribus⁴²
1299 3485 1574 3546 recedere
1613 3485 1828 3555 visum,
1870 3502 1987 3543 non
2027 3483 2199 3563 quasi

281 3579 402 3638 vim
425 3579 689 3639 hostium
715 3579 876 3640 male
910 3579 1354 3652 sustinentibus,
1381 3581 1486 3642 sed
1510 3583 1655 3663 quia
1678 3599 1815 3644 cum
1843 3580 1976 3640 luce
2000 3578 2197 3638 redin-

281 3681 512 3753 tegrare
526 3695 790 3756 pugnam
809 3676 1132 3737 malebant.
1217 3675 1317 3736 Ibi
1336 3697 1523 3758 parva
1545 3676 1785 3756 navigia
1798 3695 1935 3737 cum
1959 3675 2197 3735 introire

280 3779 516 3849 portum
542 3781 954 3854 occupassent,
979 3772 1227 3852 singulis
1256 3793 1364 3854 pro
1395 3795 1459 3836 se
1495 3774 1933 3844 festinantil'ms,
1960 3772 2196 3832 incursu

279 3866 536 3928 aliorum
589 3869 650 3928 in
702 3869 826 3930 alia
875 3870 965 3952 ite
1013 3870 1380 3952 constipatus
1425 3880 1518 3931 est
1566 3870 1785 3941 aditus,
1831 3878 1899 3929 ut
1940 3871 2198 3947 majores

280 3961 497 4025 deinde
555 3984 738 4026 naves
781 3967 1026 4026 introitu
1073 3967 1412 4047 desperato,
1457 3965 1534 4027 ad
1577 3985 1852 4046 aggerem
1894 3964 2197 4044 applicare

281 4079 342 4118 se
365 4071 742 4140 cogerentur,
769 4081 948 4142 quem
979 4061 1140 4122 haud
1173 4063 1382 4144 procul
1413 4063 1700 4124 moenibus
1732 4062 1877 4124 olim
1904 4060 1982 4121 ad
2008 4078 2193 4140 expo-
2302 4142 2307 4146 .

285 4157 478 4216 nenda
501 4168 896 4218 mercatorum
921 4179 1103 4218 onera
1125 4167 1434 4231 structum,
1464 4180 1673 4240 nuper,
1711 4179 1787 4219 ne
1823 4159 1901 4217 ab
1936 4157 2199 4218 hostibus

283 4263 606 4336 occuipatus
630 4252 960 4335 periculum
987 4255 1119 4315 urbi
1143 4264 1393 4328 crearet,
1420 4255 1610 4318 lorica
1636 4255 2153 4338 praemuniverant.

343 4465 367 4492 θ
389 4455 688 4506 Punica-nst
699 4453 892 4504 mlum
909 4455 1194 4515 εὐσκίο-
1280 4453 1472 4505 ducum
1487 4455 1635 4518 jussa
1657 4458 1987 4516 exequuntur
2010 4453 2029 4500 ?
2086 4451 2193 4514 Ap-

287 4523 431 4586 ribus]
457 4519 608 4571 'Num
649 4533 780 4582 ergo
816 4519 1196 4582 gubernatores
1281 4521 1466 4584 pianus
1490 4520 1803 4584 simpliciter
1823 4515 2193 4582 carthaginien-

287 4589 485 4640 navium
513 4586 571 4635 in
603 4597 782 4650 pugna
813 4585 1094 4652 imperant,
1129 4599 1196 4636 an
1276 4586 1424 4637 sibus.
1455 4587 1613 4638 Crev-
