3225 5242
739 557 916 628 48⁰4

1697 571 1769 620 ‘l'-
1814 571 1993 622 mvn

1109 713 1120 724 ⁰
1145 725 1246 781 10.
1275 715 1400 778 Sed
1421 718 1767 798 supererant
1788 713 1987 776 adbuc
2011 713 2187 796 pauci
2208 733 2288 774 ex
2314 713 2638 794 insignibus
2654 715 2801 777 viris
2825 717 2971 798 pris-

1061 817 1206 877 tinae
1253 813 1586 878 severitatis
1628 821 1693 873 et
1740 812 2115 894 parsimonia
2164 831 2484 876 memores:
2526 813 2741 892 quibus
2790 813 2973 874 debet

1063 913 1374 996 imperium
1411 910 1623 994 populi
1658 907 1947 981 Romani,
1984 909 2149 990 quod
2184 909 2493 990 aliquanto
2527 909 2753 971 diutius
2784 911 2971 970 stetit.

1063 1009 1162 1070 Hi
1206 1010 1310 1070 ubi
1346 1010 1406 1069 in
1441 1007 1777 1090 provincias
1810 1025 1949 1068 cum
1989 1007 2236 1088 imperio
2274 1007 2592 1078 venissent,
2622 1007 2779 1068 serio
2812 1006 2973 1068 vitiis

1061 1107 1300 1166 obviam
1351 1105 1542 1176 ibant,
1587 1125 1709 1164 non
1750 1103 1959 1184 magis
2006 1103 2333 1164 acerbitate
2384 1123 2688 1184 poenarum
2738 1103 2969 1164 edicto·

1058 1221 1284 1273 rumve,
1307 1221 1492 1282 quam
1515 1200 1836 1281 exemplo:
1878 1219 2017 1262 cum
2052 1219 2221 1260 suam
2262 1199 2517 1280 quisque
2550 1200 2761 1270 vitam,
2802 1199 2970 1260 velut

1057 1313 1138 1358 ex
1173 1297 1297 1359 alto
1337 1307 1400 1360 et
1437 1297 1759 1378 conspicuo
1784 1295 1943 1366 loco,
1970 1295 2321 1358 imitandam
2344 1295 2809 1377 provincialibus
2832 1317 2969 1377 pro·

1057 1404 1363 1477 ponerent.
1447 1394 1550 1455 Ex
1590 1394 1684 1454 bis
1719 1392 1814 1455 vel
1856 1393 2185 1454 clarioeima
2220 1393 2387 1454 fama
2410 1394 2633 1455 circum
2660 1393 2793 1455 haec
2814 1403 2967 1456 tem-

1059 1511 1204 1575 pora
1251 1493 1338 1562 Q.
1387 1491 1632 1552 Mucius
1679 1490 1959 1552 Sca-,vola
1999 1489 2129 1550 fuit.
2222 1491 2350 1558 Qui
2388 1501 2607 1571 praetor
2647 1490 2711 1552 in
2751 1490 2967 1554 Asiam

1055 1589 1283 1661 missus,
1306 1589 1783 1671 probatissimum
1806 1607 1883 1648 ex
1912 1585 2119 1646 amicis
2143 1585 2227 1647 P.
2245 1584 2549 1647 Rutilium
2576 1587 2967 1666 integerrime

1052 1685 1196 1746 vitae
1226 1685 1526 1746 hominem
1550 1685 1665 1744 sibi
1704 1683 1950 1762 legavit,
1986 1683 2156 1761 cujus
2190 1681 2335 1754 fide,
2366 1682 2639 1754 consilio,
2674 1682 2967 1746 industria

1054 1780 1133 1841 ad
1169 1782 1374 1865 omnia
1403 1788 1684 1841 uteretur.
1767 1778 1909 1839 Jam
1936 1778 2189 1859 primum
2214 1799 2407 1858 neque
2432 1780 2557 1860 ipse
2582 1780 2865 1860 cuiquam
2890 1800 2969 1842 ne

1052 1877 1296 1938 minimo
1319 1875 1562 1957 quidem
1587 1875 1805 1935 sumtui
1832 1885 1983 1945 erat,
2012 1893 2205 1955 neque
2244 1876 2491 1936 comites
2528 1895 2658 1936 esse
2694 1877 2965 1956 patieba-

1053 1981 1186 2032 tur:
1227 1973 1452 2044 omnia,
1489 1991 1627 2054 qum
1659 1973 1805 2031 socii
1830 1969 2278 2052 proconsulibus
2308 1973 2777 2052 praetoribusque
2811 1992 2963 2053 prm-

1051 2069 1192 2130 bere
1241 2077 1696 2139 consueverant,
1750 2087 1861 2128 sua
1926 2067 2179 2147 pecunia
2226 2069 2481 2129 emebat.
2593 2069 2965 2148 Frugalitate

1048 2165 1266 2228 deinde
1293 2176 1358 2228 et
1382 2169 1719 2247 incorrupta
1748 2166 1991 2245 justitia
2015 2163 2377 2246 provinciam
2403 2186 2483 2226 ex
2514 2166 2778 2248 pristinis
2798 2165 2963 2228 cala-

1049 2265 1358 2325 nitatibus
1391 2265 1538 2323 mire
1577 2262 1887 2322 recreavit.

1129 2367 1231 2421 11.
1275 2359 1623 2441 Superiores
1662 2357 2065 2439 proconsules,
2100 2378 2175 2418 ne
2208 2355 2579 2418 offenderent
2616 2359 2869 2438 equites,
2900 2360 2963 2420 in

1049 2477 1298 2538 quorum
1334 2477 1514 2517 manu
1545 2455 1787 2535 judicia
1812 2451 2058 2526 Romae,
2084 2464 2149 2515 et
2172 2454 2333 2535 apud
2358 2452 2599 2514 eosdem
2634 2455 2695 2513 in
2722 2457 2963 2536 provin-

1047 2555 1156 2614 ciis
1197 2553 1444 2635 publica
1483 2561 1674 2624 erant,
1702 2552 1963 2632 quadam
2000 2553 2170 2632 quasi
2209 2551 2493 2612 societate
2519 2571 2656 2611 cum
2682 2553 2879 2614 avaris
2900 2561 2965 2614 et

1047 2649 1323 2716 violentis
1359 2648 1695 2710 hominibus
1738 2649 1887 2708 inita
1933 2647 2073 2708 ferri
2108 2648 2323 2727 agique
2363 2647 2569 2708 omnia
2606 2667 2685 2708 ex
2723 2647 2961 2710 illorum

1045 2747 1335 2807 arbitratu
1376 2746 1686 2806 sinebant:
1730 2743 2023 2805 interdum
2080 2753 2144 2804 et
2189 2745 2303 2825 ipsi
2349 2764 2458 2824 pro
2506 2763 2571 2804 se
2623 2745 2961 2825 rapiebant,

1043 2843 1420 2923 spoliabant:
1463 2843 1610 2902 nihil
1642 2862 1681 2901 a
1708 2841 2036 2922 cupiditate
2072 2841 2385 2910 intactum,
2432 2839 2582 2902 nihil
2622 2861 2665 2900 a
2710 2839 2957 2902 libidine

1043 2959 1256 3020 purum
1290 2939 1689 3021 patiebantur.
1775 2937 1871 2997 At
1912 2938 1997 3003 Q.
2042 2935 2324 2998 Scaevola
2366 2956 2431 2996 se
2474 2956 2731 3015 suosque
2770 2937 2961 3002 absti-

1041 3037 1265 3109 nentia,
1293 3045 1522 3096 ceteros
1550 3038 1692 3114 jure
1737 3034 2057 3112 diligenter
2096 3041 2161 3094 et
2199 3043 2403 3094 sancte
2444 3033 2731 3106 dicundo,
2760 3044 2825 3095 et
2854 3036 2960 3115 qui

1039 3153 1242 3193 eorum
1269 3132 1631 3192 insanabiles
1654 3140 1852 3192 essent
1876 3130 2061 3210 poenis
2084 3129 2420 3190 coercebat.
2503 3129 2813 3191 Asiaticos
2836 3131 2961 3192 suis

1041 3229 1272 3309 legibus
1315 3229 1472 3289 inter
1509 3247 1576 3288 se
1620 3226 1955 3307 disceptare
1983 3227 2284 3306 jubebat:
2331 3227 2639 3306 pactiones
2684 3227 2955 3306 publica-

1037 3347 1248 3387 norum
1271 3325 1569 3415 sefvabat,
1591 3333 1774 3384 extra
1798 3343 1978 3404 quam
2004 3324 2055 3384 si
2084 3323 2169 3383 ita
2193 3325 2495 3402 negotium
2520 3331 2753 3402 gestum
2776 3333 2956 3396 esset,

1037 3431 1106 3484 ut
1135 3443 1208 3482 eo
1250 3423 1396 3482 stari
1431 3440 1546 3481 non
1585 3429 1886 3503 oporteret
1924 3439 2003 3480 ex
2044 3417 2162 3480 fide
2204 3419 2363 3480 bona
2402 3417 2481 3480 de
2521 3420 2741 3500 quibus
2780 3419 2958 3484 rebus

1039 3517 1100 3580 in
1129 3520 1236 3597 jus
1270 3519 1418 3578 itum
1441 3526 1619 3588 esset,
1646 3517 1806 3598 quod
1844 3535 2027 3578 causa
2052 3515 2289 3594 cognita
2312 3515 2441 3576 dati
2469 3515 2713 3595 judices
2742 3516 2957 3594 (dabat

1037 3623 1241 3676 autem
1279 3615 1638 3696 inculpatos)
1685 3613 2187 3695 pronuntiassent,
2230 3611 2377 3688 dari¹
2402 3609 2533 3674 fieri
2566 3613 2819 3674 exclusa
2848 3617 2953 3676 ca'-

1035 3711 1264 3772 lumnia
1286 3713 1560 3792 cogebat.
1646 3710 1973 3771 Atrociora
1996 3709 2247 3770 crimina
2268 3709 2519 3790 capitali
2551 3708 2825 3770 vindicta
2862 3711 2953 3770 in·

1035 3807 1417 3870 exorabiliter
1441 3807 1941 3890 prosequebatur:
1970 3815 2041 3866 nt
2062 3805 2243 3866 etiam
2267 3804 2737 3886 dispensatorum
2760 3807 2953 3870 socie·

1034 3908 1175 3968 tatis
1199 3905 1383 3968 facile
1409 3905 1757 3988 principem,
1785 3922 2125 3986 quanquam
2152 3901 2229 3962 de
2268 3902 2547 3964 libertate
2585 3923 2723 3962 cum
2756 3901 2950 3964 domi·-

1036 4007 1128 4065 nis
1161 4013 1425 4085 pactum,
1457 4001 1909 4063 manumissione
1948 4021 2067 4062 non
2104 4009 2449 4083 expectata,
2480 4001 2543 4061 in
2570 4020 2808 4060 crucem
2832 3999 2949 4060 tol-

1037 4105 1206 4165 leret.
1310 4101 1562 4164 Interim
1607 4109 1674 4161 et
1725 4099 2051 4181 publicani,
2102 4097 2448 4180 spectaculo
2510 4097 2651 4178 ipsis
2708 4097 2947 4174 acerbo,

1037 4199 1500 4283 provincialibus
1552 4197 1717 4266 laeto,
1764 4197 2043 4257 omnibus
2078 4215 2257 4268 novo,
2300 4195 2381 4254 ab
2434 4195 2529 4266 iis,
2570 4213 2723 4274 quos
2766 4202 2945 4255 antea

1035 4297 1230 4360 modis
1267 4298 1542 4359 omnibus
1581 4296 1821 4376 impune
1862 4305 2252 4366 vexaverant,
2290 4290 2671 4354 condemnati
2712 4291 2775 4354 in
2813 4291 2943 4354 vin-

1035 4396 1177 4459 cula
1209 4395 1603 4459 ducebantur.
