3225 5242
784 577 997 628 maru
1045 577 1215 626 mu.
1256 577 1904 629 sustentaturum.
2262 561 2440 630 4027

208 721 421 793 rentia,
446 739 587 783 cum
610 721 849 782 horrore
872 719 1081 803 aspici,
1110 739 1229 782 nou
1272 720 1415 802 quia
1449 721 1634 782 nulle
1669 723 1788 782 sint
1823 741 2029 786 earum
2073 741 2118 782 a

206 828 423 882 namn
450 818 729 898 legitimae
754 837 975 890 camoe,
998 817 1105 880 sed
1130 819 1277 899 quia
1300 839 1439 900 quae
1456 829 1595 880 sunt
1619 821 1978 900 ignorentur.

286 924 391 978 25.
436 916 565 978 Sed
614 936 723 976 nos
768 916 849 977 ad
892 915 1157 977 ordinem
1194 937 1388 978 rerum
1428 927 1720 996 gaetarum
1762 917 1846 984 Q.
1893 917 2118 978 Fabius
2170 921 2387 986 Appian-

203 1015 417 1079 corisul
448 1022 649 1086 vocat,
691 1015 799 1095 qui
826 1015 889 1076 in
928 1014 1265 1076 ulteriorem
1296 1013 1662 1096 Hispaniam
1695 1015 2006 1093 (citerioris
2031 1015 2116 1082 Q.
2137 985 2268 1040 ¹⁵⁸¹·

208 1111 475 1174 Metello
499 1119 876 1193 prorogatum
898 1122 1029 1173 erat
1050 1111 1389 1194 imperium)
1426 1111 1581 1175 duas
1600 1112 1862 1193 legiones
1887 1111 2120 1173 Roma·
2151 1155 2154 1158 -

206 1231 339 1282 nas,
390 1209 807 1291 sociorumque
858 1209 1110 1283 auxilia,
1162 1195 1223 1269 in
1274 1211 1611 1272 universum
1663 1210 1744 1271 ad
1790 1209 2120 1272 octodecim

206 1307 404 1370 millia
444 1305 737 1388 peditum,
776 1306 941 1368 mille
973 1317 1289 1372 moestos
1316 1309 1567 1388 equites,
1604 1307 1864 1369 induxit.
1946 1307 2122 1376 Quo-

206 1425 341 1466 rum
370 1413 637 1466 mmm
676 1414 846 1486 peste
878 1425 1017 1468 cum
1058 1404 1299 1467 Itucam
1329 1404 1656 1479 festinaret,
1697 1405 1922 1485 objecit
1952 1427 2016 1466 se
2057 1407 2119 1466 in

208 1505 421 1564 itinere
456 1501 773 1563 Viriathus
802 1521 941 1564 cum
973 1523 1081 1564 sex
1112 1503 1375 1565 millibus
1410 1523 1684 1566 suorum:
1723 1512 1788 1565 et
1817 1523 1956 1564 cum
1993 1503 2124 1566 cla·

208 1621 375 1662 more
420 1599 799 1682 tumultuque
838 1601 1107 1663 barbaris
1154 1601 1332 1663 solito
1372 1601 1662 1683 impetum
1709 1603 1770 1662 in
1815 1599 2128 1663 Romanos

209 1698 377 1760 fecit.
466 1697 620 1758 Erat
666 1718 807 1758 cum
854 1717 1003 1760 voce
1048 1701 1416 1781 saepituque
1464 1699 1722 1778 dissono,
1773 1709 1903 1760 tum
1943 1698 2124 1760 eiiam

212 1805 461 1880 aspectu
484 1795 728 1857 horrida
750 1797 945 1858 acies:
980 1817 1100 1858 non
1124 1806 1325 1859 cetero
1348 1796 1531 1859 modo
1550 1805 1788 1869 ornatu,
1811 1795 1916 1856 sed
1939 1795 2128 1856 comis
2179 1803 2340 1854 strab.
2357 1815 2452 1860 m.

212 1915 459 1975 quoque
482 1893 829 1955 muliebrem
856 1896 915 1954 in
940 1913 1161 1956 morem
1186 1895 1678 1956 obumbrantibus
1695 1895 1948 1956 vultum.
1994 1893 2124 1956 Ac·
2149 1873 2366 2000 {affi-

214 1991 477 2054 cedebat
500 2011 733 2052 summa
755 1992 1061 2053 hominum
1090 1991 1371 2053 diuturno
1396 1994 1529 2072 jam
1550 1991 1714 2053 bello
1737 1991 2126 2054 exercitorum

218 2089 591 2169 pugnacitas.
674 2088 971 2150 Sustinuit
1008 2100 1207 2151 tamen
1246 2091 1632 2171 irrumpentes
1674 2090 1905 2162 consul,
1947 2109 2128 2169 reque

216 2185 445 2248 infecta
484 2187 787 2250 discedere
834 2190 1083 2261 coactis,
1134 2188 1259 2270 ipse
1310 2189 1643 2249 institutum
1693 2189 1804 2248 iter
1850 2205 2128 2268 prosecu-

216 2292 313 2344 tus
332 2293 450 2345 αῖ.
1094 2301 1103 2308 ’

296 2387 403 2442 26.
450 2379 549 2442 Ut
568 2380 787 2442 deinde
812 2379 1077 2463 reliquus
1094 2381 1393 2443 exercitus
1418 2382 1682 2455 advenit,
1699 2382 2025 2462 decemque
2050 2399 2129 2442 ex
2192 2445 2200 2453 ,

218 2477 445 2540 Ata-ies
484 2477 811 2561 elephanti,
863 2499 1014 2560 quos
1054 2477 1371 2539 Numidiae
1422 2497 1525 2540 rex
1571 2479 1832 2561 Micipsa
1871 2480 2129 2551 miserat,
2183 2494 2292 2548 sul.
2311 2489 2433 2544 obs.

216 2575 430 2636 castris
474 2595 585 2657 pro
624 2575 1029 2656 magnitudine
1058 2577 1364 2656 copiarum
1396 2578 1610 2649 auctis,
1639 2577 1799 2658 prior
1831 2576 2132 2658 pugnandi
2155 2571 2208 2611 Β*
2239 2560 2454 2625 ΑΡΡίΜ·

220 2681 521 2758 pooestate
564 2673 729 2734 facta
768 2675 997 2734 hostem
1036 2672 1349 2756 splendide
1392 2674 1557 2734 vicit.
1643 2673 1768 2734 Sed
1797 2673 1948 2735 inter
1987 2675 2135 2734 inse-
2455 2694 2462 2704 ⁴

220 2771 526 2852 quendum
564 2789 704 2831 cum
735 2768 1003 2832 distracti
1032 2769 1269 2832 ordines
1296 2779 1511 2843 essent,
1548 2769 1884 2843 Viriathus,
1917 2779 1984 2830 ut
2007 2780 2138 2831 erat

222 2867 298 2929 ad
328 2868 545 2928 omnia
578 2867 859 2948 praesenti
902 2869 1125 2940 animo,
1156 2868 1281 2928 suis
1313 2875 1553 2948 repente
1582 2887 1661 2928 ex
1695 2867 1842 2948 fuga
1867 2867 2137 2929 collectis

220 2965 482 3026 victores
502 2963 885 3044 aggreditur:
926 2963 1045 3025 tria
1066 2982 1271 3024 eorum
1298 2963 1489 3025 millia
1514 2965 1848 3044 prosternit,
1875 2964 2137 3044 reliquos

222 3059 539 3143 compellit
560 3061 624 3120 in
648 3069 867 3134 castra,
904 3069 1093 3130 tanto,
1114 3081 1193 3121 ex
1232 3063 1431 3122 subita
1465 3060 1718 3122 fortunoe
1753 3061 2135 3123 conversione

226 3169 413 3231 metu,
442 3167 513 3218 ut
536 3159 641 3219 vix
668 3159 877 3240 paucis
900 3157 979 3219 ad
1006 3167 1205 3239 portas
1228 3159 1654 3230 resistentibus,
1679 3179 1899 3238 magna
1922 3177 2058 3240 pars
2073 3159 2136 3217 in

224 3256 498 3317 tentoriis
522 3275 585 3315 se
610 3254 1060 3326 absconderent,
1086 3275 1281 3337 neque
1318 3256 1397 3316 ab
1423 3258 1776 3338 imperatore
1801 3266 1866 3317 et
1885 3255 2138 3316 tribunis

226 3353 302 3415 ad
342 3371 609 3434 pugnam
652 3351 1072 3434 capessendam
1110 3353 1271 3434 adigi
1308 3363 1564 3436 possent.
1649 3353 1910 3436 Insignis
1938 3374 2014 3414 ea
2037 3352 2137 3412 die

230 3450 308 3512 C.
338 3449 565 3511 Fannii
606 3451 791 3510 virtus
826 3451 1053 3522 extitit,
1098 3453 1202 3532 qui
1242 3451 1321 3514 0.
1364 3451 1537 3512 Laelii
1572 3471 1775 3530 gener,
1801 3452 1876 3512 iis
1915 3460 2042 3511 tum
2077 3451 2137 3511 in
2195 3456 2302 3508 cic.
2326 3455 2446 3508 Lael.

226 3548 441 3608 castris
464 3545 783 3607 militabat.
864 3545 997 3608 Per
1030 3547 1187 3609 hunc
1225 3549 1488 3609 maxime
1518 3557 1746 3609 retenta
1779 3550 2140 3609 munimenta
2164 3538 2215 3638 “A
2236 3527 2362 3637 ¹⁶3„

228 3653 367 3705 sunt
388 3663 407 3704 ε
432 3651 501 3704 et
524 3663 645 3706 nox
672 3643 1091 3726 superveniens
1113 3643 1347 3706 diremit
1370 3653 1684 3706 certamen.
2215 3603 2284 3653 pp
2363 3619 2380 3636 ⁶

310 3749 418 3806 2⁰¹1.
460 3741 689 3822 Neque
714 3749 915 3803 tamen
945 3752 1153 3824 postea
1178 3743 1493 3805 Viriathus
1514 3743 1768 3815 destitit,
1795 3743 1973 3806 modo
1999 3765 2140 3806 noc-

231 3847 323 3910 tu,
350 3837 534 3898 nodo
570 3837 961 3900 fervidissimo
1002 3847 1263 3921 tempore
1302 3839 1425 3900 diei
1458 3841 1758 3919 negotium
1792 3840 2018 3900 consuli
2053 3841 2141 3901 fa-

228 3955 503 4005 cessere:
546 3953 684 3996 cum
713 3936 875 3997 leves
898 3935 1199 4018 agilesque
1224 3945 1288 3998 et
1308 3937 1575 3998 homines
1596 3946 1661 3997 et
1685 3957 1871 4018 equos
1895 3938 2142 4008 habens,

232 4052 421 4115 parvo
438 4051 551 4092 suo
570 4032 945 4094 incommodo
963 4035 1193 4094 hostem
1209 4033 1607 4095 indesinenter
1621 4033 1931 4124 fatigaret:
1953 4033 2146 4094 donec

230 4130 415 4196 motis
452 4129 665 4190 castris
700 4128 1065 4192 Servilianus
1090 4131 1381 4192 concessit
1416 4129 1676 4192 Itucam.
1757 4129 1913 4190 Tum
1939 4129 2145 4192 Viria-

232 4225 373 4286 thus
422 4245 685 4307 quoque,
728 4227 827 4288 cui
870 4227 1059 4289 minor
1099 4229 1415 4300 exercitus,
1450 4247 1645 4308 neque
1683 4228 1824 4290 huic
1857 4225 2150 4288 sufficiens

233 4331 604 4383 commeatus
632 4331 782 4395 erat,
810 4331 991 4384 noctu
1034 4325 1287 4386 incensis
1325 4325 1530 4386 castris
1570 4326 1630 4384 in
1671 4323 2035 4384 Lusitaniam
2059 4331 2152 4388 est

236 4419 557 4500 profectus.
644 4420 1175 4483 Servilianuscum
1209 4421 1640 4486 velocissimum
1663 4421 1890 4483 hostem
1919 4422 2166 4505 unusquis
