3225 5242
800 582 1974 635 mnmnxvr.sum³1.1mnnruu.
2147 610 2155 623 .
2317 562 2492 630 4299

269 728 589 811 profectus,
616 728 787 809 longe
813 728 983 789 aliter
1006 728 1221 789 habere
1244 729 1529 811 comperit
1548 749 1565 797 ;
1598 747 1734 788 cum
1755 728 2166 806 extinctajam

270 826 499 887 invidia
523 847 637 887 non
666 827 989 887 minoribus
1012 825 1241 907 populi,
1268 844 1448 906 quam
1476 825 1733 886 Patrum
1767 824 1974 885 studiis
1999 823 2163 885 exci-

268 932 524 1003 peretur.
609 924 816 1005 Atque
836 922 927 983 illi
942 922 1238 1001 judicium
1265 942 1304 981 a
1330 922 1564 982 tribuno
1583 920 1777 1002 plebis
1797 920 2052 981 Manilio
2076 922 2164 981 in·

266 1028 585 1093 tentatum,
639 1020 1081 1101 triumphusque
1132 1016 1445 1099 impeditus
1486 1037 1605 1078 non
1649 1018 1862 1098 majori
1915 1019 2166 1099 primum

266 1117 578 1189 molestiae,
630 1137 807 1198 quam
856 1125 1065 1197 postea
1102 1115 1306 1195 gloriae
1350 1114 1483 1175 fuit.
1552 1114 1776 1197 Neque
1807 1134 1950 1176 vero
1987 1116 2166 1175 anxie

267 1224 379 1277 aut
395 1213 647 1275 demisso
672 1215 891 1287 animo,
916 1213 1021 1275 sed
1034 1216 1224 1293 juxta
1246 1212 1482 1275 solitam
1506 1232 1674 1273 suam
1699 1214 2048 1292 gravitatem
2076 1222 2165 1273 at·

264 1332 391 1393 que
412 1312 833 1383 constantiam,
862 1330 999 1371 cum
1026 1310 1171 1371 data
1194 1311 1253 1370 ei
1286 1310 1495 1371 concio
1526 1310 1734 1393 populi
1772 1320 1947 1382 esset,
1985 1311 2170 1371 verba

266 1429 379 1489 pro
421 1408 721 1489 triumpho
755 1427 863 1468 suo
900 1406 1065 1480 fecit,
1101 1426 1349 1488 quorum
1386 1428 1581 1489 pauca
1604 1408 1802 1469 adhuc
1825 1416 2166 1479 noscuntur,
2261 1436 2270 1443 ·

262 1525 473 1567 sensus
496 1505 757 1566 omnium
784 1504 891 1564 iste
912 1505 1331 1586 propemodum
1356 1504 1488 1566 fuit.
1955 1560 1964 1571 .

351 1609 452 1664 11.
494 1610 513 1639 ⁶
535 1602 737 1670 Quem
764 1602 843 1663 ab
869 1602 1029 1663 omni
1045 1602 1403 1682 antiquitate
1428 1602 1628 1664 soletis
1651 1603 1870 1664 habere
1889 1602 2170 1663 honorem

264 1699 722 1781 imperatoribus
762 1700 991 1773 vestris,
1033 1708 1101 1759 ut
1128 1697 1437 1781 republica
1475 1701 1628 1762 bene
1669 1710 1857 1781 gesta,
1903 1700 2170 1761 hostibus

263 1796 467 1869 victis,
493 1805 557 1857 et
578 1798 847 1859 exercitu
872 1796 1176 1879 incolumi,
1208 1797 1413 1859 urbem
1453 1798 1882 1880 triumphantes
1919 1799 2162 1868 ineant:

262 1914 407 1955 eum
432 1894 601 1965 mihi,
627 1914 765 1955 cum
788 1902 1025 1954 senatus
1047 1891 1325 1973 frequens
1347 1896 1620 1976 jusserit,
1657 1916 1849 1977 neque
1875 1906 2070 1957 vestra
2092 1898 2170 1956 sit

263 1990 545 2053 voluntas
568 1992 841 2063 obscura,
868 2010 1082 2069 negare
1119 2001 1455 2071 perseverat
1496 1994 1784 2064 tribunus,
1811 2014 1906 2053 me
1931 2014 2168 2075 quoque

260 2085 447 2149 dictis
485 2088 887 2170 petulantibus
938 2087 1303 2161 lacessendo,
1352 2089 1638 2157 Quirites.
1723 2090 1916 2169 Igitur
1955 2098 2018 2149 et
2061 2110 2169 2169 pro

262 2203 451 2246 causa
492 2184 749 2247 dicenda
780 2186 927 2246 mihi
961 2183 1239 2266 quaedam
1275 2185 1472 2259 video,
1502 2195 1565 2248 et
1596 2187 1674 2248 de
1709 2188 1816 2247 illo
1843 2207 1948 2247 eur
1983 2187 2167 2247 nolim

262 2280 488 2354 dicere,
537 2280 951 2366 exponendum
994 2291 1104 2342 est.
1188 2281 1359 2344 Nam
1399 2285 1559 2364 quod
1600 2284 1679 2344 ad
1721 2284 1892 2345 illum
1907 2270 2164 2354 ¹attinet,
2223 2289 2288 2340 A.
2305 2289 2438 2343 Gell-

266 2380 559 2452 Quirites,
588 2382 867 2463 quoniam
893 2401 957 2440 se
983 2379 1329 2461 ampliorem
1354 2391 1527 2463 putat
1548 2403 1696 2455 esse,
1723 2384 1772 2442 si
1797 2403 1861 2443 se
1887 2382 2030 2442 mihi
2051 2383 2164 2442 ini·
2187 2370 2262 2402 Ἦ·
2280 2360 2360 2405 ¹⁵·

264 2480 489 2539 micum
514 2478 851 2551 dictaverit,
870 2498 1048 2559 quem
1070 2479 1091 2511 ¹
1132 2499 1242 2557 ego
1262 2478 1405 2539 mihi
1424 2499 1620 2561 neque
1639 2481 1893 2541 amicum
1921 2480 2165 2561 recipio,

264 2596 461 2656 neque
490 2576 791 2638 inimicum
819 2574 1117 2657 respicio,¹’
1157 2577 1218 2637 in
1244 2596 1377 2637 eum
1403 2598 1515 2657 ego
1540 2598 1656 2638 non
1683 2598 1810 2638 sum
1836 2577 2009 2659 plura
2042 2578 2167 2639 dic-

264 2682 457 2735 turus.
518 2671 687 2733 Nam
708 2693 843 2733 eum
862 2671 1331 2753 indignissimum
1359 2676 1636 2746 arbitror,
1661 2676 1818 2737 cuia
1841 2676 1983 2736 viris
2005 2676 2174 2736 bouis

263 2770 419 2830 bene
446 2768 715 2831 dicatur:
760 2778 887 2829 tum
914 2790 988 2831 ne
1014 2770 1293 2831 idoneum
1316 2771 1579 2851 quidem,
1606 2772 1702 2831 cui
1728 2791 1767 2831 a
1791 2773 1990 2853 probis
2015 2772 2170 2832 male

264 2864 521 2926 dicatur.
608 2864 777 2926 Nam
796 2866 847 2925 si
866 2867 927 2927 in
946 2888 1018 2929 eo
1035 2876 1299 2948 tempore
1318 2867 1727 2948 hujuscemodi
1751 2868 2171 2929 homunculum

266 2963 557 3033 nomines,
585 2963 647 3022 in
688 2983 808 3043 quo
836 2964 1041 3045 punire
1073 2983 1192 3025 non
1230 2965 1436 3045 possis,
1475 2967 1696 3044 majore
1723 2965 1964 3038 honore,
1992 2986 2172 3046 quam

265 3060 632 3121 contumelia
657 3059 900 3125 afficias.
988 3060 1208 3121 Restat
1230 3062 1430 3140 igitur,
1455 3073 1523 3122 ut
1546 3064 1621 3122 de
1650 3064 1946 3145 triumpho
1973 3066 2174 3144 paucis

264 3155 585 3217 disseram:
630 3156 811 3238 idque
836 3157 1027 3239 ipsum
1051 3178 1187 3219 curn
1219 3160 1297 3219 sit
1330 3160 1389 3217 in
1426 3168 1630 3218 senatu
1657 3157 1881 3219 factum
1907 3160 2174 3241 plenissi-

264 3273 389 3324 me,
424 3273 633 3333 resque
672 3253 914 3315 decreto
939 3254 1193 3315 Patrum
1220 3252 1587 3325 confirmata,
1615 3274 1730 3315 non
1756 3256 1844 3316 ita
1867 3256 1942 3317 de
1968 3278 2042 3317 ea
2078 3257 2170 3317 lo-

264 3370 443 3430 quar,
470 3357 757 3431 tanquam
782 3359 889 3411 aut
921 3360 1175 3413 vestrum
1206 3350 1503 3432 judicium
1526 3349 1601 3421 de
1637 3352 1812 3412 rebus
1845 3354 1992 3414 meis
2015 3355 2170 3413 exti-

266 3466 553 3519 mescam,
597 3456 701 3508 aut
734 3447 916 3507 etiam
940 3468 1165 3521 verear,
1208 3468 1284 3509 ue
1323 3456 1560 3508 senatus
1602 3450 2012 3511 auctoritatem
2055 3471 2168 3511 non

263 3544 657 3630 sequaminffl·

280 3632 290 3639 ’
352 3644 455 3701 12.
498 3650 516 3675 ‘
541 3640 727 3701 Multi
741 3638 895 3701 olim
916 3639 1220 3701 clarissimi
1244 3640 1381 3711 viri,
1409 3660 1486 3700 ex
1524 3643 1802 3703 maximis
1833 3642 2028 3715 bellis,
2061 3665 2169 3703 nu·

264 3755 373 3816 per
396 3736 577 3796 etiam
606 3736 779 3796 multi
804 3736 977 3796 rebus
1001 3736 1161 3796 haud
1198 3738 1284 3796 ita
1318 3738 1544 3817 magnis
1568 3738 1819 3812 effectis,
1848 3740 2168 3821 triumpha-

650 3906 677 3952 1
716 3902 787 3953 Et
807 3910 931 3953 ante
950 3902 1104 3953 Crev.
1124 3872 1471 3954 inserebatur.

643 3972 676 4019 2
712 3966 797 4017 Ab
819 3966 941 4019 edd.
966 3976 1089 4019 ante
1114 3968 1270 4021 Crem
1292 3970 1445 4021 abest
1468 3976 1646 4035 negat·
1670 3983 1782 4021 m.

1041 4095 1407 4121 evocem

329 4188 363 4267 δ.
390 4190 547 4247 Qnoe-
562 4203 653 4251 ego
672 4188 957 4252 nubisque
977 4189 1179 4241 mnium
1258 4192 1487 4245 tionibus
1506 4194 1674 4272 abest.
1705 4194 1770 4245 In
1793 4194 1878 4272 iis,
1897 4209 2012 4273 qum
2036 4210 2166 4259 pra·-

260 4260 1103 4385 z‘ffmtffiumffgozfflm
1089 4258 1177 4371 ..⁸⁰03
1257 4258 1795 4376 52²2⁰312.¹’{;’.-ss²⁶„2“‘.20·
1810 4267 1848 4376 ἱ*
1841 4260 2163 4377 «ἷὲἶὶἑῗιῖὶί

266 4384 501 4433 cessaria
530 4393 632 4433 non
671 4392 771 4441 est,
806 4400 838 4433 a
874 4383 1178 4449 quibusdam
1260 4389 1348 4438 bet
1368 4390 1683 4440 dictitaverit.
1719 4390 1874 4442 Crev.

266 4450 427 4499 Gellii
450 4448 717 4501 codicibus
752 4456 807 4500 et
832 4449 1049 4501 vetustis
1070 4451 1177 4500 edi-
