3225 5242
686 2824 689 2834 ·
806 2791 1110 2844 Ome-28.

798 521 981 594 4134
1757 541 1829 591 τ.
1879 541 2057 593 mvn

1128 683 1373 747 libertas
1414 685 1776 758 concideret,
1819 686 2340 768 pulcherrimaeque
2383 691 2446 746 et
2483 683 2763 746 maximae
2807 683 3042 746 urbium

1131 783 1451 846 Corinthus
1474 793 1536 846 et
1564 784 1868 863 Carthago
1893 783 2274 845 delerentur?
2356 782 2450 843 Hi
2475 782 2792 846 multorum
2817 783 3044 862 ubique

1128 901 1423 944 sermones
1448 891 1654 944 erant:
1697 882 1804 942 sed
1831 883 2100 963 Ephesii,
2127 881 2406 962 primaria
2431 880 2602 941 Asiae
2625 881 2860 952 civitas,
2887 883 3050 942 vires

1130 980 1313 1041 etiam
1373 979 1451 1040 ad
1486 981 1683 1042 -verba
1741 979 2088 1041 afferebant.
2192 977 2435 1040 Horum
2484 979 2780 1059 praecipue
2829 979 3050 1060 opibus

804 1085 962 1136 strab.
992 1097 1110 1135 ιη.
1130 1076 1353 1137 educta
1374 1076 1601 1148 classis,
1631 1075 2040 1137 Aristonicum
2067 1096 2368 1136 occurrere
2397 1075 2557 1136 haud
2595 1074 2804 1156 procul
2833 1074 3051 1136 Cumis

1132 1191 1341 1234 ausum
1374 1173 1577 1234 navali
1608 1193 1811 1254 pugna
1843 1171 2202 1253 profligavit,
2237 1172 2580 1254 Leucasque
2610 1173 2854 1254 recepit.

1212 1275 1316 1330 21.
1360 1267 1456 1330 At
1490 1269 1593 1329 ille
1627 1271 1687 1328 in
1716 1268 2148 1330 mediterranea
2171 1268 2425 1340 delatus,
2451 1288 2610 1339 cum,
2645 1270 2820 1328 rebus
2855 1267 3046 1328 semel

1130 1368 1332 1437 motis,
1359 1366 1599 1426 nullum
1614 1365 1727 1426 nisi
1762 1366 1822 1424 in
1860 1365 2112 1439 audacia
2138 1365 2471 1447 praesidium
2497 1373 2670 1436 esset,
2697 1365 2898 1444 egenis
2921 1385 3046 1425 ser-

1128 1463 1341 1543 visque
1391 1463 1728 1534 concitatis,
1773 1463 2028 1541 majores
2073 1481 2256 1542 quam
2307 1463 2581 1522 amiserat
2625 1463 2832 1542 copias
2879 1461 3050 1524 brevi

1128 1559 1447 1624 contraxit.
1532 1557 1703 1618 Nam
1729 1567 1792 1618 et
1817 1559 1888 1619 iis
1911 1556 2062 1618 locis
2085 1557 2459 1619 dominorum
2485 1558 2772 1639 asperitas
2793 1557 3048 1618 taedium

836 1659 990 1710 Diod·
1026 1673 1109 1724 ap.
1130 1655 1448 1728 servitutis,
1472 1663 1537 1716 et
1560 1653 1836 1715 finiendae
1860 1655 2071 1734 quovis
2093 1649 2272 1716 modo
2305 1655 2695 1737 cupiditatem
2735 1656 3044 1735 injecerat.

800 1726 979 1840 guib&
1132 1751 1261 1813 His
1282 1771 1521 1833 quoque
1554 1771 1774 1812 novum
1811 1771 2025 1813 nomen
2067 1753 2424 1834 impositum.
2509 1753 2906 1834 Heliopolitae
2931 1773 3044 1834 ap-

1131 1846 1361 1930 pellati,
1445 1847 1604 1908 Cum
1649 1848 1741 1908 his
1786 1848 2160 1910 Aristonicus
2209 1849 2402 1909 multa
2447 1849 2728 1911 adversus
2769 1849 3047 1910 civitates

804 1952 995 2004 sustin.
1129 1945 1391 2006 secunda
1422 1944 1630 2025 praelia
1663 1944 1831 2016 fecit,
1867 1947 2286 2027 occupatisque
2311 1945 2520 2008 fraude
2544 1946 2873 2028 Thyatiris,
2898 1966 3044 2007 mox

804 2049 969 2103 θυοδ.
1132 2040 1565 2124 Apollonidem
1590 2039 1896 2120 Pergamo
1921 2043 2250 2124 proximam
2279 2063 2416 2104 cum
2442 2043 2578 2103 aliis
2613 2042 2847 2124 aliquot
2869 2043 3041 2124 oppi-

1128 2137 1223 2198 dis
1266 2138 1329 2198 in
1373 2147 1728 2219 potestatem
1769 2136 2037 2218 redegit:
2089 2147 2436 2220 tantumque
2475 2140 2726 2201 fortunae
2773 2137 3046 2199 favorem

1128 2243 1407 2316 expertus
1440 2243 1551 2308 est,
1580 2244 1671 2307 ut,
1707 2254 2048 2316 quanquam
2087 2235 2425 2296 civitatibus
2452 2236 2762 2317 Bithyniae
2785 2244 2850 2296 et
2873 2234 3044 2316 Cap-

1129 2331 1401 2412 padociae
1448 2353 1615 2412 reges
1663 2333 1966 2413 suppetias
2015 2333 2335 2405 mitterent,
2381 2332 2755 2394 nobilissimis
2797 2332 3047 2392 urbibus

806 2427 938 2543 {¹⁰¹2
950 2429 1111 2478 ¹1·12⁰·
1135 2427 1393 2509 Myndo,
1433 2427 1640 2502 Samo,
1680 2429 2030 2510 Colophone
2072 2430 2134 2492 vi
2175 2430 2448 2576 receptis,
2479 2432 2682 2511 justus
2709 2431 2844 2510 jam
2870 2427 3046 2490 Asiae

878 2494 941 2542 sti
926 2509 994 2544 ¹¹²
1131 2543 1239 2584 rex
1263 2545 1387 2585 esse
1413 2526 1727 2586 videretur.

1215 2628 1317 2682 22.
1360 2623 1741 2703 Quapropter
1767 2631 1829 2683 et
1861 2623 2136 2704 praesenti
2169 2643 2440 2684 successu
2473 2623 2686 2694 elatus,
2715 2631 2778 2684 et
2808 2621 3044 2684 Roma-

840 2725 972 2776 Plut.
1136 2739 1244 2779 nos
1268 2720 1514 2780 internis
1536 2719 1843 2781 discordiis
1869 2720 2203 2780 laborantes
2227 2730 2606 2781 contemnens
2632 2721 2798 2793 (nam
2816 2728 2878 2780 et
2895 2719 3050 2782 Blo-

1133 2817 1253 2875 sius
1281 2816 1587 2876 Cumanus
1612 2835 1690 2877 ex
1721 2819 1866 2876 urbe
1905 2817 2184 2898 profugus
2211 2838 2345 2898 spes
2381 2818 2512 2897 ejus
2545 2822 3044 2896 exaggeraverat)

1136 2932 1350 2992 magna
1389 2933 1525 2975 cum
1566 2911 1792 2974 fiducia
1813 2934 1932 2974 non
1957 2921 2252 2995 occupata
2273 2914 2453 2974 modo
2490 2913 2802 2986 retinebat,
2841 2913 2949 2974 sed
2981 2924 3050 2974 et

805 3021 964 3071 Sta-ub.
1133 3009 1306 3089 plura
1330 3009 1595 3090 quotidie
1622 3009 1947 3091 adjiciebat
1971 3020 2108 3070 ante
2135 3011 2337 3091 partis.
2417 3010 2670 3071 Placuit
2701 3029 2842 3090 ergo
2875 3010 3043 3090 lega-

1133 3117 1227 3168 tos
1276 3108 1539 3187 quinque
1586 3107 1764 3179 mitti,
1811 3108 1916 3189 qui
1961 3128 2054 3167 res
2108 3107 2292 3180 Asiae,
2338 3117 2623 3189 quantum
2665 3107 3045 3180 auctoritate,

1134 3203 1523 3284 consilioque,
1568 3213 1636 3264 et
1677 3204 1966 3264 sociorum
2011 3204 2236 3264 viribus
2273 3207 2560 3284 possent?
2604 3214 3042 3284 componerent.

808 3284 964 3398 dP¹v¹r
960 3283 1111 3398 Αῗῗξ·
1139 3301 1432 3380 Princeps
1473 3299 1788 3380 legationis
1827 3302 1958 3380 ejus
1993 3300 2075 3361 P.
2116 3299 2322 3382 Scipio
2347 3299 2584 3362 Nasica
2613 3299 2751 3372 fuit,
2787 3321 2911 3382 quo
2953 3303 3044 3362 ci-

810 3414 961 3463 lunt.
946 3429 997 3462 ιιι
1031 3413 1113 3463 Τ·
1136 3397 1298 3458 vium
1335 3395 1575 3456 invidiae
1609 3396 2049 3457 subduceretur.

814 3479 962 3593 Gffi·
977 3543 1113 3592 Mu.
1217 3499 1320 3553 28.
1372 3492 1579 3553 Etiam
1625 3492 1686 3552 in
1733 3492 2001 3553 Siciliam
2047 3493 2289 3554 decreta
2327 3501 2420 3553 est
2465 3493 2712 3572 legatio,
2755 3495 2918 3575 quod
2963 3495 3042 3556 ob

816 3625 856 3659 ι
882 3613 931 3658 1.
1136 3589 1452 3651 tumultum
1502 3589 1923 3651 Gracchanum
1974 3591 2250 3672 inspectis
2299 3590 2614 3672 Sibyllinis
2660 3594 3044 3666 carminibus,

810 3673 955 3789 v‘giss·
959 3689 1117 3790 ¹249
1138 3687 1639 3750 ‘vetustissimam
1666 3687 1943 3748 Cererem
1967 3686 2324 3770 placandam
2347 3709 2474 3749 esse
2491 3689 2855 3750 'decemviri
2879 3700 3039 3752 retu·

1078 3783 1348 3860 lerant.
1442 3783 1656 3864 Igitur,
1698 3805 2037 3867 quanquam
2083 3786 2144 3845 in
2183 3787 2329 3848 urbe
2374 3785 2660 3869 templum
2707 3789 2840 3868 ejus
2885 3785 3042 3848 Deae

1134 3881 1774 3962 magnificentissimum
1813 3891 1987 3954 esset,
2035 3881 2271 3944 Ennam
2307 3885 2658 3946 mittendum
2693 3893 3045 3946 censuerunt

1138 3977 1380 4052 Patres,
1406 3979 1510 4039 ubi
1540 3989 1605 4040 et
1645 3986 1791 4039 nata
1813 3999 1961 4051 esse,
1989 3979 2298 4061 frugesque
2325 3981 2578 4061 primum
2603 3982 2887 4063 reperisse
2909 4002 3040 4042 cre-

1135 4073 1406 4139 debatur.
1478 4076 1602 4138 Sed
1627 4077 1910 4138 hactenus
1933 4097 2006 4136 eo
2031 4099 2136 4158 per
2158 4078 2536 4157 fugitivorum
2561 4100 2725 4140 arma
2747 4083 3042 4161 penetrari

810 4183 918 4235 nv.
941 4184 1078 4252 Epic.
1138 4175 1518 4257 nequiverat:
1560 4184 1710 4248 tum,
1753 4182 1821 4236 nt
1859 4184 2075 4256 posset,
2115 4176 2366 4237 victoria
2401 4177 2484 4240 P.
2513 4177 2751 4260 Rupilii
2781 4177 3042 4240 consulis

1734 4395 1768 4441 2
1805 4391 1971 4444 Posset
1989 4391 2112 4444 edd.
2133 4399 2254 4444 ante
2277 4393 2434 4446 Crev.
