3225 5242
719 545 928 595 unm
979 544 1176 611 nxn.
1219 546 1874 599 suvenaunuwu.
2236 530 2405 599 4227

273 694 376 748 50.
415 686 618 769 Atqui
641 707 758 749 non
785 688 982 769 potior
1005 688 1160 749 alius
1181 687 1438 749 historiae
1465 688 1693 751 fructus
1714 698 1865 764 erat,
1906 706 2088 772 qnam

199 792 281 854 ut,
307 785 620 865 propositis
657 786 828 845 bonis
861 785 1152 865 malisque
1186 784 1497 866 exemplis,
1529 786 1796 847 homines
1818 795 2091 847 naturam

195 886 589 960 utrorumque,
611 900 960 961 causasque,
993 889 1056 941 et
1092 881 1336 962 praemia
1359 880 1665 954 intuendo,
1690 902 1807 943 non
1834 883 2027 944 solum
2052 903 2095 942 a

193 974 468 1037 confessis
491 978 674 1049 vitiis,
699 976 804 1037 sed
829 978 1008 1037 etiam
1036 996 1075 1037 a
1103 976 1271 1038 falsis
1301 978 1619 1039 virtutibus
1642 979 2089 1041 abducerentur.

194 1072 348 1133 Fieri
381 1074 538 1134 enim
571 1094 686 1134 non
729 1082 942 1155 potoet,
977 1074 1119 1155 quin
1148 1075 1255 1156 qui
1291 1075 1587 1136 variarum
1622 1076 1889 1155 gentium
1912 1084 2093 1155 ‚gesta

187 1188 472 1250 casusque
495 1170 812 1251 prudenter
837 1172 1188 1251 recogitant,
1215 1191 1292 1233 ea
1313 1192 1451 1253 quae
1485 1194 1643 1254 saepe
1680 1192 1719 1233 a
1742 1175 1975 1252 magnis
1996 1194 2089 1235 re-

189 1268 356 1345 gibus
400 1268 752 1351 populisque
791 1272 1258 1343 committuntur,
1293 1290 1476 1351 quam
1519 1272 1725 1332 inania
1763 1281 1827 1332 et
1864 1273 2089 1335 incerta

185 1366 320 1435 sint,
343 1365 811 1447 deprehendant,
837 1388 1136 1449 quamque
1161 1368 1314 1429 falso
1339 1378 1401 1429 et
1433 1370 1757 1451 perniciose
1781 1370 1941 1430 bona
1978 1391 2085 1453 ap-

189 1459 500 1541 pellentur.
583 1462 664 1525 Id
707 1485 946 1546 quoque
983 1465 1358 1543 consideratu
1391 1465 1659 1545 dignum,
1702 1476 1768 1527 et
1808 1464 2089 1529 adversus

186 1576 400 1617 vanam
427 1558 632 1637 glorioe
655 1560 1038 1642 cupiditatem
1071 1560 1285 1623 efficax
1309 1571 1435 1632 est;
1480 1581 1598 1623 non
1624 1581 1805 1643 opera
1828 1572 2087 1625 tantiam-

187 1651 362 1714 modo
400 1656 726 1729 hominum,
767 1657 874 1719 sed
907 1658 1097 1739 ipsam
1134 1678 1338 1719 eorum
1369 1658 1711 1719 memoriam
1742 1658 2089 1739 plerumque

187 1758 248 1809 et
265 1751 392 1812 cito
419 1753 800 1825 intercidere,
825 1762 888 1815 et
913 1756 972 1815 in
998 1756 1128 1835 ipsa
1153 1754 1403 1816 historia
1425 1752 1761 1833 frequentes
1794 1752 1873 1816 de
1907 1755 2089 1816 histo-

185 1846 400 1909 riarum
427 1849 664 1911 interitu
689 1851 958 1931 querelas
981 1870 1130 1913 esse.
1213 1851 1374 1918 Quae
1399 1851 1602 1910 omnia
1623 1851 1729 1931 qui
1755 1849 2089 1937 plane-ple-

183 1962 370 2022 neque
408 1948 832 2027 perspexerint,
864 1948 1069 2009 abesse
1107 1966 1228 2009 non
1263 1948 1506 2028 poterit,
1539 1946 1685 2027 quin
1712 1967 2089 2029 quocumque

181 2038 328 2099 inter
335 2040 609 2103 homines
623 2044 684 2103 in
700 2044 836 2105 loco
849 2044 991 2117 sint,
1011 2042 1296 2124 quicquid
1313 2050 1514 2125 agant,
1529 2050 1817 2104 rectorem
1828 2046 2089 2105 omnium

185 2132 382 2197 Deum
403 2140 698 2217 cogitent,
725 2140 991 2220 nihilque
1019 2140 1134 2201 sibi
1176 2139 1274 2201 vel
1305 2138 1386 2201 ad
1421 2138 1661 2199 laudem
1684 2138 2087 2219 magnificum,

181 2230 272 2291 vel
295 2232 376 2293 ad
403 2233 752 2297 felicitatem
773 2236 923 2298 utile
949 2236 1162 2309 sciant,
1183 2235 1294 2295 nisi
1321 2234 1402 2295 ad
1427 2232 1685 2295 officium
1709 2236 2087 2317 obsequium-

181 2348 292 2407 que
331 2329 460 2391 Dei
498 2333 807 2395 referatur.
889 2332 1014 2395 Sed
1045 2352 1160 2411 ego
1194 2330 1436 2412 quidem
1457 2332 1611 2403 haec,
1640 2340 1709 2391 ut
1732 2352 1926 2413 spero,
1968 2352 2085 2393 non
2156 2390 2168 2403 ,

179 2424 376 2488 alieno
401 2427 560 2502 loco,
586 2450 697 2491 nec
715 2430 932 2491 frustra
951 2430 1283 2501 interfatus,
1307 2429 1386 2489 ad
1405 2430 1741 2489 institutum
1766 2437 2047 2493 revertor.
2110 2390 2253 2457 Μὴ
2274 2390 2407 2441 ω’

257 2528 360 2584 51.
407 2524 508 2587 Μ.
534 2526 848 2588 AEmilium
877 2527 971 2587 M.
1001 2526 1074 2587 F.
1105 2526 1200 2587 M.
1225 2525 1318 2588 N.
1350 2523 1641 2587 Scaurum
1682 2525 1741 2585 in
1776 2525 2087 2587 consulatu

180 2618 254 2679 de
279 2620 492 2682 Gallis
517 2622 738 2684 Karnis
777 2624 1188 2706 triumphasse,
1215 2622 1560 2704 Capitolina
1599 2642 1913 2694 marmora,
1940 2643 2089 2703 quo-

179 2737 306 2777 rum
345 2718 514 2779 haud
551 2720 700 2782 levis
733 2721 1052 2782 auctoritas
1069 2728 1200 2799 est,
1227 2728 1510 2781 testatum
1535 2718 1783 2779 faciunt.
1864 2718 2091 2799 Neque

182 2811 254 2873 de
277 2813 460 2875 rebus
481 2836 554 2877 eo
579 2816 742 2877 bello
783 2818 960 2896 geffls
992 2817 1314 2897 quicquam
1355 2822 1642 2897 praeterea
1682 2815 1943 2885 invenio,
1978 2814 2091 2875 nisi
2148 2814 2292 2895 Quct.
2308 2816 2373 2865 d·

179 2908 340 2987 quod
387 2910 672 2991 Ligurum
713 2912 1032 2991 ignobilem
1083 2913 1384 2973 nationem
1437 2909 1759 2971 Gantiscos
1796 2910 2091 2971 domuisse
2114 2881 2221 2935 vu·
2236 2883 2421 2933 mm‘

179 3004 398 3067 dicitur
415 3028 436 3067 ε
477 3009 594 3069 hoc
635 3009 794 3069 enim
837 3008 1203 3081 credibilius,
1245 3027 1424 3089 quam
1471 3006 1657 3087 quod,
1700 3026 1805 3087 per
1836 3026 2089 3091 errorem

181 3112 348 3182 puto,
375 3113 690 3166 exaratum
709 3114 822 3178 est,
850 3114 869 3143 ‘
899 3106 1144 3185 Ligures
1167 3114 1230 3165 et
1256 3103 1624 3175 Guntiscosss
1669 3111 1955 3183 tanquam
1994 3100 2087 3162 di-

185 3218 418 3260 versum
445 3221 650 3279 genus,
677 3211 696 3239 ‘
724 3201 1061 3263 domuisse-⁹
1185 3236 1192 3243 ·

259 3302 364 3357 52.
411 3296 624 3359 Fuisse
649 3299 804 3359 sicut
825 3298 988 3359 fama
1011 3298 1342 3367 obscuram,
1367 3294 1453 3354 sic
1475 3292 1659 3353 etiam
1682 3293 1859 3353 rebus
1880 3312 2089 3371 geren-

182 3390 274 3453 dis
297 3394 462 3454 haud
488 3393 790 3457 difficilem
827 3394 1264 3476 expeditionem
1295 3391 1522 3473 opinari
1563 3390 1727 3462 licet,
1766 3390 1911 3470 quia
1942 3399 2091 3451 tem·
2148 3406 2305 3457 strab.
2330 3424 2382 3459 v.

183 3510 294 3569 pus
331 3492 396 3551 ei
429 3491 722 3572 superfuit
745 3512 784 3552 a
807 3492 1136 3553 Placentia
1175 3489 1462 3550 Parmam
1500 3506 1687 3566 usque
1712 3485 1901 3547 fossas
1915 3488 2087 3549 navi·
2114 3488 2164 3539 P·
2183 3478 2301 3525 ²¹⁷·

181 3587 414 3666 gabiles
438 3587 720 3660 ducendi,
753 3586 1126 3649 exsiccandis
1167 3584 1488 3667 paludibus
1511 3587 1691 3664 quas⁵
1724 3586 1912 3664 juxta
1936 3584 2091 3644 Pla-

183 3685 448 3745 centiam
490 3682 670 3746 Pado
707 3684 972 3745 incidens
1009 3682 1232 3743 Trebia
1255 3680 1476 3759 aliique
1503 3699 1683 3759 supra
1706 3698 1843 3739 eum
1868 3698 2090 3751 amnes,

179 3780 611 3852 incommodas,
627 3780 948 3862 praesertim
965 3799 1100 3839 cum
1117 3776 1382 3838 exercitu
1399 3774 1857 3845 transeuntibus,
1876 3772 2092 3834 efficie-
2147 3799 2251 3849 liv.
2274 3813 2417 3851 nn,

180 3876 330 3937 bant
352 3896 372 3936 z
415 3896 553 3956 quoe
578 3896 671 3937 res
693 3878 877 3937 etiam
913 3872 1323 3936 Hannibalem
1347 3872 1516 3943 olim,
1541 3890 1761 3949 magna
1782 3888 1919 3929 cum
1942 3890 2089 3930 vex·
2114 3868 2165 3917 Β·

181 3973 388 4033 atione
413 3974 718 4055 copiarum
738 3974 814 4033 iis
838 3972 987 4033 locis
1011 3972 1124 4033 iter
1145 3970 1484 4040 facientem,
1509 3974 1719 4047 praeter
1733 3968 2013 4045 jumenta
2030 3975 2093 4026 et

185 4068 409 4129 milites
435 4071 698 4141 amissos,
727 4068 970 4129 alterius
992 4066 1152 4128 oculi
1179 4065 1400 4125 damno
1425 4061 1833 4123 mulctaverat.
1917 4060 2091 4121 Prae-

183 4163 462 4225 ter-missa
485 4165 768 4226 hactenus
793 4164 899 4224 illa
921 4184 1066 4224 cura
1093 4182 1212 4222 non
1246 4170 1372 4221 tam
1416 4160 1833 4241 imperatorum
1857 4155 2095 4235 ignavia

180 4260 404 4336 fuerat,
429 4281 611 4342 quam
635 4263 780 4343 quia
803 4260 1226 4321 munimentum
1264 4255 1464 4315 Italiae
1490 4256 1770 4317 adversus
1793 4251 2011 4315 Gallos
2032 4252 2095 4315 ia

509 4398 540 4443 ⁵
579 4392 668 4445 Ita
687 4392 920 4443 correxit
941 4392 1092 4443 Crev.
1119 4404 1212 4457 pro
1229 4404 1336 4454 «με
1356 4388 1410 4439 in
1432 4384 1556 4439 edd.
1581 4386 1773 4451 priore.

1397 4682 1422 4747 Ι
