3225 5242
800 516 871 564 m
886 513 1011 566 BR!
1060 515 1165 563 m.
1206 513 1858 566 SUPPLBHBNTUM.

208 661 713 744 introspiciundas
760 659 1095 742 persuadet,
1146 665 1215 720 ut
1260 657 1439 719 aditis
1489 656 1754 729 Acbaeis,
1806 655 2118 718 differendi

204 757 379 830 belli,
404 757 881 841 expectandique
906 756 1207 816 venientes
1239 754 1445 815 Roma
1466 754 1996 815 controversiarum
2021 771 2117 814 ar·

202 855 415 926 bitros,
446 863 717 917 auctores
739 856 873 915 sint.
957 852 1082 912 Sed
1104 861 1304 932 spreta
1326 852 1535 912 horum
1562 850 1957 911 admonitione
1985 849 2116 910 Da-

202 954 494 1013 mocritus
536 953 727 1013 victos
768 969 965 1032 pugna
996 947 1322 1031 Spartanos
1352 949 1509 1008 intra
1540 948 1756 1008 moenia
1787 947 2114 1028 compellit,

199 1057 409 1110 vastat
453 1051 689 1129 uritque
734 1067 973 1127 agrum:
1032 1045 1199 1106 urbis
1232 1043 1546 1128 capiundae
1585 1046 1781 1128 potius
1823 1043 2114 1124 neglecta,

202 1165 391 1226 quam
418 1167 537 1208 non
560 1145 769 1208 oblata
806 1145 1137 1206 occasione.
1218 1143 1422 1210 Quam
1458 1144 1539 1204 ob
1562 1162 1784 1204 noxam
1805 1141 2118 1202 damnatus

200 1243 563 1324 proditionis
587 1243 757 1305 exilii
773 1263 955 1304 eausa
976 1241 1170 1302 solum
1190 1243 1387 1303 vertit.

284 1349 391 1402 31.
436 1342 543 1402 Fit
584 1341 793 1402 iterum
830 1341 1041 1402 Diaeus
1079 1347 1315 1420 praetor,
1344 1338 1720 1422 Metelloque
1761 1359 1866 1420 per
1890 1337 2117 1417 legatos

202 1442 431 1520 petenti
486 1441 801 1521 promittit,
852 1448 871 1476 ‘
890 1439 1041 1500 nihil
1081 1437 1391 1499 adversum
1428 1439 1708 1520 Spartam
1731 1447 1991 1498 moturos
2015 1435 2114 1496 A·

200 1539 425 1609 choeos,
444 1536 637 1598 donee
662 1538 765 1618 qui
792 1535 997 1597 Roma
1020 1543 1498 1617 expectarentur,
1525 1535 1941 1596 advenissent!
2007 1534 2114 1594 In-

202 1637 377 1694 terim
402 1637 571 1696 vicos
618 1634 851 1715 Spartoe
880 1635 1295 1713 circumjectos
1320 1643 1529 1715 sponte
1555 1632 1938 1694 incolentium
1961 1653 2112 1714 prae-

202 1731 369 1792 sidiis
394 1731 617 1804 firmat,
644 1732 893 1792 totidem
935 1731 1013 1792 ad
1038 1730 1265 1792 bellum
1312 1729 1830 1792 Lacedaemonium
1865 1729 2116 1790 castella

202 1829 536 1890 habiturus.
620 1829 849 1890 Contra
894 1828 1271 1890 Menalcidas
1308 1839 1541 1890 creatus
1574 1849 1613 1889 a
1651 1827 2114 1889 Lacedaemoniis

204 1937 445 2007 praetor,
486 1925 716 1988 facinus
756 1927 1019 1987 insanum
1072 1935 1257 2007 atque·
1303 1926 1587 1987 furiosum
1633 1924 1796 1988 facit.
1883 1925 2112 1986 Urbem

202 2025 363 2084 omni
390 2044 606 2102 genere
630 2023 893 2085 cladium
920 2024 1289 2095 exhaustam,
1316 2023 1673 2086 lacessendis
1715 2009 1872 2083 ultro
1902 2022 2113 2082 adver-

203 2121 392 2192 sariis,
420 2139 576 2182 novo
600 2122 763 2182 bello
790 2122 1095 2203 implicat:
1138 2121 1423 2203 oppidum
1452 2120 1630 2182 Iason
1659 2122 1718 2180 in
1751 2141 1893 2200 agro
1923 2119 2108 2180 Lace-

203 2215 525 2289 dononio,
552 2217 937 2279 sedAchaici
962 2227 1087 2278 tum
1101 2218 1277 2297 juris,
1304 2239 1384 2279 ex
1412 2217 1732 2299 improviso
1755 2217 1937 2297 capit,
1966 2236 2109 2298 cap-

202 2323 329 2375 tum
354 2314 585 2398 diripit.
668 2314 853 2376 Unde
892 2335 1029 2376 cum
1066 2316 1127 2376 in
1160 2335 1389 2376 summo
1414 2316 1676 2376 omnium
1714 2313 1856 2376 odio
1895 2335 1958 2374 se
1982 2333 2108 2374 esse

204 2411 581 2491 intelligeret,
607 2411 799 2473 salute
834 2433 943 2472 sua
964 2413 1183 2494 pariter
1202 2421 1265 2474 et
1288 2413 1548 2476 civitatis
1567 2410 1904 2494 desperata,
1929 2433 2106 2474 vene-

202 2527 281 2568 no
306 2509 525 2570 hausto
549 2510 679 2570 vita
712 2530 775 2569 se
798 2509 1019 2571 educit.

280 2611 386 2666 32.
432 2605 604 2666 Inter
627 2606 756 2666 hiec
793 2607 1013 2668 affuere
1054 2607 1257 2669 Roma
1294 2609 1457 2668 missi
1490 2605 1933 2690 disceptatores,
1959 2625 2106 2686 quo·
2133 2619 2230 2670 zon
2199 2633 2302 2668 nu.

200 2721 331 2761 rum
366 2705 643 2784 princeps
674 2703 961 2764 Aurelius
996 2704 1236 2764 Orestes
1268 2705 1403 2765 fuit.
1486 2703 1642 2776 Hic,
1673 2703 2108 2783 magistratibus

2131 2683 2384 2813 122¹&

203 2796 616 2858 Achaicarmn
652 2800 885 2860 urbium
919 2809 982 2860 et
1013 2810 1259 2883 praetore
1300 2800 1481 2861 Diaeo
1510 2799 1868 2861 Corinthum
1892 2817 2106 2860 evoca-
2131 2829 2342 2881 hm

202 2893 297 2965 tis,
324 2895 413 2954 ita
439 2894 674 2955 locutus
698 2897 918 2956 fertur.
950 2896 1175 2957 ‘Nihil
1200 2897 1501 2977 antiquius
1517 2899 1748 2958 senatui
1769 2896 2108 2978 populoque
2213 2913 2220 2922 ·

205 2987 493 3051 Romano
534 3000 597 3052 et
635 2992 837 3065 fuisse,
876 3002 941 3055 et
974 3013 1122 3065 esse,
1170 3014 1349 3074 quam
1391 3001 1459 3054 ut
1496 2994 1784 3054 sociorum
1818 3013 1932 3064 res,
1959 3013 2108 3072 quas

204 3105 557 3168 magnopere
590 3086 668 3149 ad
703 3109 868 3149 suam
906 3109 1108 3151 curam
1140 3091 1431 3171 pertinere
1470 3091 1810 3161 arbitratur,
1837 3087 2110 3150 florentes

206 3183 539 3263 quiemque
564 3185 703 3255 sint,
742 3186 793 3244 si
828 3186 960 3266 quis
996 3187 1057 3247 in
1090 3185 1339 3247 dubium
1364 3205 1579 3248 vocare
1600 3186 1810 3258 vellet,
1835 3205 1944 3247 vos
1967 3195 2108 3246 ante

204 3297 406 3338 omnes
430 3281 731 3359 aequitatis
753 3281 1247 3364 humanitatisque
1272 3291 1487 3344 nostrae
1504 3291 1682 3343 testes
1701 3281 2104 3363 producerem,

204 3373 443 3435 Achaei.
486 3375 621 3436 Vos
644 3377 827 3449 enim,
855 3377 1131 3462 Philippi
1157 3379 1563 3460 Antiochique
1589 3379 1788 3451 bellis,
1813 3377 1889 3440 Τ.
1917 3375 2108 3446 Quin-

202 3469 281 3530 tio
306 3469 675 3552 reliquisque
700 3473 911 3534 nostris
932 3475 1398 3556 imperatoribus,
1424 3477 1503 3536 ob
1528 3495 1603 3536 ea
1627 3493 1762 3555 quae
1785 3494 1865 3535 ex
1893 3475 2105 3536 volun·

203 3576 321 3628 tate
350 3569 563 3650 populi
593 3569 859 3631 Romani
882 3571 1173 3632 beneficia
1204 3573 1375 3633 vobis
1396 3573 1748 3644 tribuerunt,
1773 3591 1932 3653 saepe
1955 3580 2018 3631 et
2043 3573 2104 3631 in

202 3673 409 3724 senatu
433 3665 637 3744 egistis
667 3667 907 3746 gratias,
946 3676 1011 3729 et
1051 3666 1288 3729 illorum
1326 3670 1545 3750 pariter
1576 3667 1945 3748 nominisque
1970 3667 2106 3728 Ro-

205 3760 361 3820 mani
408 3760 643 3822 honoris
680 3781 861 3825 causa
899 3763 1155 3846 plurima
1197 3773 1376 3846 atque
1418 3765 1830 3826 honestissima
1867 3762 2106 3824 decreta

202 3854 445 3917 fecistis.
529 3856 753 3940 Neque
790 3879 897 3921 nos
932 3861 1125 3922 adhue
1161 3862 1389 3942 pristini
1414 3862 1475 3921 in
1498 3881 1608 3923 vos
1632 3861 1814 3920 animi
1848 3861 2108 3942 proposi·
2173 3935 2180 3946 ι

204 3953 365 4033 tique
391 3955 658 4034 poenitet,
684 3956 825 4036 quin
838 3957 1059 4018 -eadem
1084 3956 1218 4029 illa,
1244 3966 1427 4038 atque
1451 3957 1654 4028 etiam,
1679 3956 1730 4016 si
1754 3955 1832 4016 sit
1847 3957 2103 4027 occasio,

206 4051 433 4129 majora
472 4049 743 4112 lubentes
772 4051 1159 4134 volentesque
1190 4053 1601 4115 concedamus.
1693 4051 1816 4112 Sed
1857 4071 1898 4112 a
1933 4050 2106 4112 vobis

206 4144 499 4206 interdum
520 4167 595 4207 ea
618 4149 867 4210 consilia
884 4149 1295 4231 suscipiuntur,
1310 4155 1446 4231 quat
1464 4150 1543 4211 ad
1562 4147 1912 4210 turbandam
1933 4147 2104 4208 Grae·

205 4241 311 4300 eiae
356 4261 590 4322 pacem,
632 4253 716 4316 et,
756 4245 807 4306 si
848 4266 1051 4308 verum
1084 4247 1323 4320 auditis,
1364 4247 1443 4308 ad
1484 4244 1806 4392 periculum
1847 4253 2102 4308 vestrum

210 4338 520 4416 pertinent.
