3225 5242
676 491 854 558 4350
1261 526 1270 535 ·
1646 502 1717 551 r.
1766 497 1955 550 mvn

998 639 1096 710 ita
1135 647 1366 710 senensi
1411 645 1749 729 populoque
1787 641 2075 706 ‘Romano
2112 642 2304 703 visum
2338 651 2517 714 esset,
2554 641 2717 722 quod
2754 645 2911 708 felix

1007 744 1383 825 faustumque
1431 743 1540 804 Dii
1581 743 1869 813 facerent,
1910 739 2276 803 consulatum
2322 759 2385 799 se
2432 739 2698 821 accipere
2716 743 2734 770 ’
2782 743 2875 804 ait
2886 763 2909 812 ;

1012 851 1031 878 ‘
1059 841 1419 922 triumphum
1435 841 1453 869 ’
1495 840 1574 918 (is
1597 859 1833 920 quoque
1850 837 2121 898 decretus
2148 836 2367 914 fuerat)
2406 845 2427 872 ⁸
2448 837 2913 912 celebraturum,

679 935 788 986 Liv.
810 935 945 1002 Epit.
1011 939 1114 1000 ubi
1155 937 1396 1018 reliquis
1431 937 1817 997 barbarorum
1846 933 2061 994 deletis
2082 933 2271 1014 copiis
2294 933 2602 994 victoriam
2634 953 2913 1002 consum-

679 1035 815 1084 Plut.
1009 1037 1266 1096 massot-¹
1297 1033 1529 1112 Magna
1541 1033 1803 1093 omnium
1824 1029 2210 1091 admiratione
2227 1038 2487 1111 excepta
2508 1049 2628 1090 vox
2648 1041 2761 1103 est,
2777 1051 2917 1112 quae

1006 1133 1200 1212 prima
1233 1131 1385 1192 inter
1422 1130 1689 1190 homines
1721 1127 2097 1198 haberentur,
2119 1125 2539 1208 propemodum
2569 1128 2916 1188 conoemtim

1005 1225 1349 1288 differentis.
1433 1225 1643 1304 Major
1676 1223 1891 1285 deinde
1932 1222 2156 1284 fiducia
2192 1223 2354 1303 cepit
2390 1223 2639 1295 animos,
2674 1225 2918 1286 minimo

1007 1321 1253 1402 quidem
1283 1319 1577 1382 facturum
1602 1318 1783 1381 fuisse
1818 1319 2253 1389 arbitrantium,
2278 1319 2391 1379 nisi
2412 1327 2519 1380 aut
2541 1321 2781 1393 virtute,
2810 1331 2921 1382 aut

1012 1417 1278 1478 Deorum
1305 1421 1528 1479 monitu
1557 1417 1745 1479 fretus
1766 1427 1991 1477 certam
2012 1417 2131 1476 sibi
2153 1415 2231 1476 de
2250 1415 2511 1477 Cimbris
2530 1437 2766 1499 quoque
2792 1419 2917 1478 vic-

1008 1516 1220 1576 toriam
1263 1517 1649 1596 promitteret.
1748 1513 2035 1574 Posthaec
2078 1513 2232 1574 inter
2282 1511 2554 1594 plausum
2598 1517 2918 1586 exercitus,

1010 1614 1437 1694 strepitumque
1463 1631 1784 1682 armorum,
1798 1610 2005 1672 consul
2030 1609 2221 1671 altera
2242 1630 2478 1692 quoque
2504 1609 2730 1684 laurea,
2756 1612 2921 1692 lega-

1013 1711 1092 1770 tis
1133 1717 1370 1770 senatus
1403 1709 1862 1790 imponentibus,
1903 1707 2178 1779 decorus,
2222 1707 2415 1770 facem
2452 1709 2721 1772 subdidit
2748 1713 2925 1773 victis

1017 1808 1218 1878 armis,
1253 1805 1731 1887 sacrificiumque
1766 1805 2009 1888 peregit.

721 1913 892 1978 Sigon.
1099 1909 1198 1964 34.
1243 1902 1486 1965 Circum
1511 1904 1641 1964 haec
1668 1913 1934 1984 tempora
1958 1902 2205 1964 lustrum
2232 1910 2505 1982 quartum
2542 1903 2723 1984 atque
2748 1924 2925 1965 sexa-

691 1979 880 2092 οἷᾞ·
903 1977 958 2026 in
1019 2000 1304 2076 gesimum
1331 1999 1452 2061 duo
1479 1998 1724 2060 Metelli
1766 1999 1974 2060 fratres
2010 1998 2305 2080 patrueles
2332 1999 2619 2071 fecerunt,
2658 2000 2743 2067 Q.
2786 1999 2925 2061 Nu·

689 2107 834 2170 Pigh.
865 2107 995 2158 Anu.
1020 2097 1274 2158 midicus
1300 2096 1368 2158 L.
1398 2097 1472 2158 F.
1508 2107 1573 2158 et
1604 2097 1683 2158 C.
1710 2096 2035 2178 caprarius
2060 2097 2146 2164 Q.
2177 2096 2249 2158 F.
2274 2115 2560 2158 censores.
2644 2095 2930 2178 Inquieta

693 2171 827 2222 νου·
847 2189 910 2220 ¹¹·
925 2177 975 2232 8,
1021 2194 1151 2256 haec
1193 2203 1256 2254 et
1295 2195 1627 2256 severitatis
1667 2202 1850 2274 atque
1896 2193 2169 2255 vitiorum
2196 2190 2473 2253 conflictu
2497 2191 2756 2254 difficilis
2788 2215 2929 2254 cen·

1021 2309 1162 2350 sura
1199 2289 1331 2350 fuit.
1417 2291 1488 2350 L.
1519 2290 1845 2371 Apuleius,
1870 2292 2045 2370 cujus
2070 2290 2327 2350 maxime
2354 2308 2539 2370 opera
2561 2288 2641 2350 C.
2666 2290 2931 2352 Marium

1023 2397 1300 2466 quartum
1346 2387 1649 2448 consulem
1690 2387 1915 2447 factum
1954 2387 2238 2457 diximus,
2284 2386 2361 2462 ab
2398 2385 2605 2446 eadem
2642 2388 2931 2460 amicitia,

695 2484 842 2534 oros.
855 2499 906 2536 v.
923 2488 1003 2535 1⁷·
1025 2482 1111 2549 Q.
1143 2477 1382 2544 Metelli
1409 2485 1729 2545 acerrimus
1765 2503 1921 2556 osor,
1956 2502 2257 2544 censorem
2298 2491 2587 2552 creatum,
2624 2483 2805 2544 domo
2830 2504 2935 2565 per

1023 2579 1148 2639 vim
1190 2589 1554 2652 extraxerat,
1599 2589 1664 2641 et
1703 2581 1765 2640 iu
1814 2579 2183 2661 Capitolium
2222 2578 2657 2658 confugientem
2704 2590 2938 2642 armata

1025 2694 1206 2735 manu
1247 2677 1600 2738 obsederat:
1644 2677 1838 2738 donec
1884 2677 2152 2757 equitum
2200 2674 2609 2736 Romanorum
2662 2676 2936 2758 indigna-

731 2779 948 2857 ᾼρρὶιυ.
964 2796 1004 2829 ι.
1031 2773 1216 2844 tione,
1239 2793 1355 2834 non
1381 2775 1507 2835 sine
1533 2774 1723 2836 multa
1747 2773 1913 2835 caede
1940 2775 2199 2854 rejectus
2216 2781 2325 2834 est.
2410 2771 2570 2834 Eum
2594 2793 2735 2853 ergo
2754 2773 2937 2856 Apu-

701 2846 846 2959 egi}
867 2925 952 2973 pro
1029 2867 1234 2939 leium,
1261 2890 1398 2931 eum
1423 2871 1729 2934 tribunatu
1752 2871 1993 2941 abisset,
2018 2869 2279 2949 itemque
2304 2870 2687 2951 opprobrium
2711 2869 2936 2944 Curiae,

699 2973 833 3024 Sext.
855 2991 900 3024 c.
923 2979 1008 3024 47.
1033 2966 1108 3026 C.
1154 2966 1476 3028 Glauciam
1519 2969 1606 3036 Q.
1646 2967 1937 3029 Metellus
1974 2985 2183 3028 censor
2221 2967 2506 3028 notabat:
2544 2966 2705 3028 idem
2750 2968 2937 3028 insiti-

705 3037 907 3154 ,fiifj‘llf
918 3036 1007 3088 ⁰¹⁰
1029 3066 1178 3128 tium
1225 3065 1304 3128 Ο.
1343 3065 1684 3131 Gracchum
1723 3087 1905 3128 censu
1946 3065 2318 3146 prohibebat.
2402 3063 2585 3132 Quod
2621 3074 2941 3146 utrumque

736 3168 848 3218 Cic.
869 3183 960 3234 pro
1031 3163 1398 3225 multitudini
1443 3165 1779 3236 adversum,
1820 3164 2114 3225 maximas
2153 3163 2213 3222 in
2240 3162 2497 3224 civitate
2530 3163 2944 3224 contentiones

705 3231 844 3283 ⁵⁶¹⁸
1033 3261 1344 3323 excitavit.

739 3361 855 3411 val.
877 3362 1014 3413 Max.
1119 3365 1218 3419 35.
1263 3358 1334 3419 L.
1363 3357 1606 3438 quidam
1650 3356 1928 3438 Equitius
1954 3355 2171 3418 Caium
2192 3355 2421 3416 Tiberii
2446 3353 2712 3418 Gracchi
2751 3357 2941 3420 filium

709 3431 1013 3544 ngc'tfftdlas‘
1037 3475 1165 3514 esse
1203 3455 1548 3527 simulabat,
1584 3454 1821 3514 favente
1856 3453 2055 3534 plebe,
2082 3461 2146 3512 et
2168 3451 2249 3512 ad
2272 3471 2349 3512 ea
2374 3471 2511 3533 quae
2548 3451 2791 3516 volebat
2814 3477 2941 3518 crc-

709 3556 818 3606 Vir.
833 3555 1016 3606 Illustr-
1039 3549 1238 3611 denda
1269 3551 1456 3611 facili.
1541 3551 1665 3612 Sed
1684 3570 1888 3612 censor
1914 3558 1931 3586 ⁶
1954 3557 2075 3609 tres
2096 3548 2338 3610 omnino
2376 3548 2738 3616 filiosfuioee
2760 3549 2943 3614 Tibe·

705 3618 764 3735 ᾖ
784 3619 987 3734 ἓξὲξ*
1040 3647 1127 3707 rio
1144 3647 1180 3674 '·
1214 3646 1519 3721 dictitans,
1577 3657 1596 3684 ‘
1624 3668 1873 3729 quorum
1926 3666 2075 3706 unus
2117 3645 2177 3705 in
2229 3644 2508 3706 Sardinia
2554 3646 2747 3719 miles,
2796 3648 2945 3710 alter

744 3749 874 3799 Flor.
895 3765 983 3800 ιιι.
1043 3742 1353 3806 Praeneste
1393 3746 1610 3816 infans,
1658 3745 1871 3804 tertius
1912 3743 2259 3824 posthumus
2299 3741 2519 3802 Romae
2559 3742 2941 3818 decessisset;

717 3818 860 3928 ¹22¹·
875 3862 1018 3940 ’Μαι
1043 3863 1238 3923 neque
1277 3844 1614 3904 clarissimae
1654 3842 1899 3904 familiae
1936 3839 2229 3920 fulgorem
2262 3840 2498 3900 obscuri
2538 3841 2947 3905 homuncionis

687 3959 797 4015 με.
816 3949 865 3994 7.
1040 3943 1310 4003 sordibus
1369 3943 1667 4023 inquinari
1724 3939 2037 4023 oportere,’
2090 3939 2153 3998 in
2210 3939 2505 3998 sententia
2560 3941 2943 4019 persistebat:

1042 4039 1195 4100 adeo
1219 4040 1612 4102 incalescente
1657 4041 1810 4110 rixa,
1854 4046 1923 4098 ut
1960 4035 2039 4096 ad
2073 4045 2402 4096 extremum
2438 4034 2739 4116 lapidibus
2774 4059 2815 4100 a
2852 4039 2945 4100 fu·

1041 4148 1205 4198 rente
1229 4137 1412 4218 vulgo
1438 4138 1832 4220 impeteretur.
1915 4133 2038 4196 Sed
2078 4142 2143 4194 et
2180 4141 2386 4214 postea
2420 4133 2514 4193 vir
2538 4132 2771 4197 illorum
2798 4145 2946 4198 tem-

1045 4255 1251 4316 porum
1312 4236 1713 4297 sanctissimus
1756 4232 2140 4295 seditionibus
2200 4231 2363 4309 vulgi
2434 4240 2707 4304 vexatus,
2752 4243 2820 4295 et
2868 4234 2947 4294 ad

1046 4351 1332 4392 summam
1377 4333 1619 4394 civitate
1662 4331 1865 4414 pulsus
1907 4339 2030 4398 est;
2075 4327 2147 4389 L.
2182 4327 2434 4409 Apuleii
2476 4328 2727 4408 primum
2762 4330 2947 4390 tribu-
