<?xml version="1.0" encoding="UTF-8"?>
<!DOCTYPE html PUBLIC "-//W3C//DTD XHTML 1.0 Transitional//EN"
    "http://www.w3.org/TR/xhtml1/DTD/xhtml1-transitional.dtd">
<html xmlns="http://www.w3.org/1999/xhtml" xml:lang="en" lang="en">
 <head>
  <title>
</title>
<meta http-equiv="Content-Type" content="text/html;charset=utf-8" />
  <meta name='ocr-system' content='tesseract 3.04.00' />
  <meta name='ocr-capabilities' content='ocr_page ocr_carea ocr_par ocr_line ocrx_word'/>
</head>
<body>
  <div class='ocr_page' id='page_1' title='image "./tliviipatavinih36unkngoog_0371.png"; bbox 0 0 3225 5242; ppageno 0'>
   <div class='ocr_carea' id='block_1_1' title="bbox 290 1036 2380 1263">
    <p class='ocr_par' dir='ltr' id='par_1_1' title="bbox 290 1036 2380 1263">
     <span class='ocr_line' id='line_1_1' title="bbox 290 1036 2380 1263; baseline -0.003 -50"><span class='ocrx_word' id='word_1_1' title='bbox 290 1140 301 1149; x_wconf 93' lang='lat'><strong>·</strong></span> <span class='ocrx_word' id='word_1_2' title='bbox 474 1036 2380 1263; x_wconf 76' lang='lat' dir='ltr'><strong>SUPPLEMENTUM.</strong></span> 
     </span>
    </p>
   </div>
   <div class='ocr_carea' id='block_1_2' title="bbox 1086 1362 1748 1433">
    <p class='ocr_par' dir='ltr' id='par_1_2' title="bbox 1086 1362 1748 1433">
     <span class='ocr_line' id='line_1_2' title="bbox 1086 1362 1748 1433; baseline -0.006 0"><span class='ocrx_word' id='word_1_3' title='bbox 1086 1364 1363 1433; x_wconf 87' lang='lat' dir='ltr'><strong>LIBRI</strong></span> <span class='ocrx_word' id='word_1_4' title='bbox 1428 1362 1748 1433; x_wconf 86' lang='lat' dir='ltr'>LXVII.</span> 
     </span>
    </p>
   </div>
   <div class='ocr_carea' id='block_1_3' title="bbox 788 1454 837 1479">
    <p class='ocr_par' dir='ltr' id='par_1_3' title="bbox 788 1454 837 1479">
     <span class='ocr_line' id='line_1_3' title="bbox 788 1454 837 1479; baseline 0 0"><span class='ocrx_word' id='word_1_5' title='bbox 788 1454 837 1479; x_wconf 51' lang='grc' dir='ltr'><strong><em>θ</em></strong></span> 
     </span>
    </p>
   </div>
   <div class='ocr_carea' id='block_1_4' title="bbox 660 1574 2152 1941">
    <p class='ocr_par' dir='ltr' id='par_1_4' title="bbox 660 1574 2152 1941">
     <span class='ocr_line' id='line_1_4' title="bbox 976 1574 1864 1661; baseline -0.012 1"><span class='ocrx_word' id='word_1_6' title='bbox 976 1574 1864 1661; x_wconf 82' lang='lat' dir='ltr'>HISTORIARUM</span> 
     </span>
     <span class='ocr_line' id='line_1_5' title="bbox 660 1790 2152 1941; baseline -0.015 -39"><span class='ocrx_word' id='word_1_7' title='bbox 660 1810 783 1903; x_wconf 87' lang='lat' dir='ltr'><strong>T.</strong></span> <span class='ocrx_word' id='word_1_8' title='bbox 873 1807 1262 1941; x_wconf 62' lang='grc' dir='ltr'><strong>[ΝΠ</strong></span> <span class='ocrx_word' id='word_1_9' title='bbox 1372 1790 2152 1927; x_wconf 20' lang='grc' dir='ltr'><strong>ΡΑΤΑνῙΝ-Ι.</strong></span> 
     </span>
    </p>
   </div>
   <div class='ocr_carea' id='block_1_5' title="bbox 290 2380 2540 2960">
    <p class='ocr_par' dir='ltr' id='par_1_5' title="bbox 296 2380 2208 2461">
     <span class='ocr_line' id='line_1_6' title="bbox 296 2380 2208 2461; baseline -0.005 -12"><span class='ocrx_word' id='word_1_10' title='bbox 296 2397 359 2449; x_wconf 91' lang='lat'><strong>1.</strong></span> <span class='ocrx_word' id='word_1_11' title='bbox 400 2389 534 2451; x_wconf 80' lang='lat' dir='ltr'><strong>GN.</strong></span> <span class='ocrx_word' id='word_1_12' title='bbox 564 2390 845 2451; x_wconf 74' lang='lat' dir='ltr'><strong>MANLn</strong></span> <span class='ocrx_word' id='word_1_13' title='bbox 882 2386 1139 2449; x_wconf 86' lang='lat' dir='ltr'><strong>consulis</strong></span> <span class='ocrx_word' id='word_1_14' title='bbox 1178 2384 1462 2456; x_wconf 76' lang='lat' dir='ltr'><strong>adventu,</strong></span> <span class='ocrx_word' id='word_1_15' title='bbox 1488 2402 1630 2443; x_wconf 89' lang='lat' dir='ltr'><strong>cum</strong></span> <span class='ocrx_word' id='word_1_16' title='bbox 1655 2380 1914 2441; x_wconf 82' lang='lat' dir='ltr'><strong>maxime</strong></span> <span class='ocrx_word' id='word_1_17' title='bbox 1945 2382 2208 2461; x_wconf 78' lang='lat' dir='ltr'><strong>jungen-</strong></span> 
     </span>
    </p>

    <p class='ocr_par' dir='ltr' id='par_1_6' title="bbox 290 2479 2209 2569">
     <span class='ocr_line' id='line_1_7' title="bbox 290 2479 2209 2569; baseline -0.004 -22"><span class='ocrx_word' id='word_1_18' title='bbox 290 2486 392 2548; x_wconf 83' lang='lat' dir='ltr'><strong>dis</strong></span> <span class='ocrx_word' id='word_1_19' title='bbox 434 2489 659 2551; x_wconf 81' lang='lat' dir='ltr'><strong>viribus</strong></span> <span class='ocrx_word' id='word_1_20' title='bbox 702 2497 883 2569; x_wconf 87' lang='lat' dir='ltr'><strong>atque</strong></span> <span class='ocrx_word' id='word_1_21' title='bbox 941 2486 1205 2548; x_wconf 86' lang='lat' dir='ltr'><strong>consiliis</strong></span> <span class='ocrx_word' id='word_1_22' title='bbox 1254 2490 1464 2545; x_wconf 88' lang='lat' dir='ltr'><strong>contra</strong></span> <span class='ocrx_word' id='word_1_23' title='bbox 1511 2479 1936 2542; x_wconf 84' lang='lat' dir='ltr'><strong>validissimum</strong></span> <span class='ocrx_word' id='word_1_24' title='bbox 1980 2479 2209 2539; x_wconf 81' lang='lat' dir='ltr'><strong>hostem</strong></span> 
     </span>
    </p>

    <p class='ocr_par' dir='ltr' id='par_1_7' title="bbox 290 2576 2540 2960">
     <span class='ocr_line' id='line_1_8' title="bbox 292 2576 2540 2667; baseline -0.002 -22"><span class='ocrx_word' id='word_1_25' title='bbox 292 2606 449 2666; x_wconf 87' lang='lat' dir='ltr'><strong>opus</strong></span> <span class='ocrx_word' id='word_1_26' title='bbox 474 2596 647 2661; x_wconf 87' lang='lat' dir='ltr'><strong>esset,</strong></span> <span class='ocrx_word' id='word_1_27' title='bbox 670 2586 821 2647; x_wconf 88' lang='lat' dir='ltr'><strong>inter</strong></span> <span class='ocrx_word' id='word_1_28' title='bbox 845 2606 907 2645; x_wconf 87' lang='lat' dir='ltr'><strong>se</strong></span> <span class='ocrx_word' id='word_1_29' title='bbox 934 2586 1319 2667; x_wconf 85' lang='lat' dir='ltr'><strong>imperatores</strong></span> <span class='ocrx_word' id='word_1_30' title='bbox 1337 2579 1606 2641; x_wconf 78' lang='lat' dir='ltr'><strong>Romani</strong></span> <span class='ocrx_word' id='word_1_31' title='bbox 1631 2576 1958 2638; x_wconf 77' lang='lat' dir='ltr'><strong>discordias</strong></span> <span class='ocrx_word' id='word_1_32' title='bbox 1983 2577 2209 2656; x_wconf 76' lang='lat' dir='ltr'><strong>agitare</strong></span> <span class='ocrx_word' id='word_1_33' title='bbox 2255 2587 2540 2641; x_wconf 64' lang='lat' dir='ltr'><strong>oron-vde·</strong></span> 
     </span>
     <span class='ocr_line' id='line_1_9' title="bbox 290 2673 2472 2767; baseline -0.004 -24"><span class='ocrx_word' id='word_1_34' title='bbox 290 2694 619 2765; x_wconf 84' lang='lat' dir='ltr'><strong>coeperunt,</strong></span> <span class='ocrx_word' id='word_1_35' title='bbox 646 2686 949 2767; x_wconf 81' lang='lat' dir='ltr'><strong>praecipua</strong></span> <span class='ocrx_word' id='word_1_36' title='bbox 983 2684 1070 2752; x_wconf 80' lang='lat' dir='ltr'><strong>Q.</strong></span> <span class='ocrx_word' id='word_1_37' title='bbox 1098 2681 1338 2743; x_wconf 82' lang='lat' dir='ltr'><strong>Servilii</strong></span> <span class='ocrx_word' id='word_1_38' title='bbox 1374 2678 1624 2749; x_wconf 81' lang='lat' dir='ltr'><strong>ferocia,</strong></span> <span class='ocrx_word' id='word_1_39' title='bbox 1655 2676 1762 2756; x_wconf 88' lang='lat' dir='ltr'><strong>qui</strong></span> <span class='ocrx_word' id='word_1_40' title='bbox 1789 2673 2115 2747; x_wconf 88' lang='lat' dir='ltr'><strong>consulem,</strong></span> <span class='ocrx_word' id='word_1_41' title='bbox 2141 2683 2211 2736; x_wconf 92' lang='lat' dir='ltr'><strong>ut</strong></span> <span class='ocrx_word' id='word_1_42' title='bbox 2265 2684 2368 2736; x_wconf 87' lang='lat' dir='ltr'><strong>Dio</strong></span> <span class='ocrx_word' id='word_1_43' title='bbox 2387 2701 2472 2753; x_wconf 72' lang='lat' dir='ltr'><strong>ap.</strong></span> 
     </span>
     <span class='ocr_line' id='line_1_10' title="bbox 292 2750 2405 2863; baseline -0.004 -23"><span class='ocrx_word' id='word_1_44' title='bbox 292 2781 473 2841; x_wconf 77' lang='lat' dir='ltr'><strong>rebus</strong></span> <span class='ocrx_word' id='word_1_45' title='bbox 511 2782 784 2843; x_wconf 80' lang='lat' dir='ltr'><strong>omnibus</strong></span> <span class='ocrx_word' id='word_1_46' title='bbox 819 2783 1129 2863; x_wconf 87' lang='lat' dir='ltr'><strong>imparem,</strong></span> <span class='ocrx_word' id='word_1_47' title='bbox 1156 2778 1547 2860; x_wconf 78' lang='lat' dir='ltr'><strong>despiciebat.</strong></span> <span class='ocrx_word' id='word_1_48' title='bbox 1633 2772 1807 2835; x_wconf 82' lang='lat' dir='ltr'>Huic</span> <span class='ocrx_word' id='word_1_49' title='bbox 1833 2770 1997 2834; x_wconf 85' lang='lat' dir='ltr'><strong>malo</strong></span> <span class='ocrx_word' id='word_1_50' title='bbox 2018 2792 2208 2833; x_wconf 85' lang='lat' dir='ltr'><strong>reme-</strong></span> <span class='ocrx_word' id='word_1_51' title='bbox 2233 2750 2405 2803; x_wconf 55' lang='grc' dir='ltr'><strong>νὼ*</strong></span> 
     </span>
     <span class='ocr_line' id='line_1_11' title="bbox 292 2868 2380 2960; baseline -0.003 -24"><span class='ocrx_word' id='word_1_52' title='bbox 292 2876 461 2937; x_wconf 87' lang='lat' dir='ltr'><strong>dium</strong></span> <span class='ocrx_word' id='word_1_53' title='bbox 487 2900 563 2939; x_wconf 86' lang='lat' dir='ltr'><strong>ex</strong></span> <span class='ocrx_word' id='word_1_54' title='bbox 592 2878 918 2940; x_wconf 81' lang='lat' dir='ltr'><strong>dividunda</strong></span> <span class='ocrx_word' id='word_1_55' title='bbox 957 2877 1261 2960; x_wconf 77' lang='lat' dir='ltr'><strong>provincia</strong></span> <span class='ocrx_word' id='word_1_56' title='bbox 1296 2876 1638 2957; x_wconf 74' lang='lat' dir='ltr'><strong>quaesitum,</strong></span> <span class='ocrx_word' id='word_1_57' title='bbox 1677 2880 1744 2931; x_wconf 89' lang='lat' dir='ltr'><strong>ut</strong></span> <span class='ocrx_word' id='word_1_58' title='bbox 1779 2872 1934 2932; x_wconf 89' lang='lat' dir='ltr'><strong>inter</strong></span> <span class='ocrx_word' id='word_1_59' title='bbox 1958 2868 2210 2931; x_wconf 87' lang='lat' dir='ltr'><strong>duorum</strong></span> <span class='ocrx_word' id='word_1_60' title='bbox 2233 2878 2380 2929; x_wconf 80' lang='lat' dir='ltr'><strong>om.</strong></span> 
     </span>
    </p>
   </div>
   <div class='ocr_carea' id='block_1_6' title="bbox 290 2967 2490 3644">
    <p class='ocr_par' dir='ltr' id='par_1_8' title="bbox 290 2967 2208 3053">
     <span class='ocr_line' id='line_1_12' title="bbox 290 2967 2208 3053; baseline -0.005 -17"><span class='ocrx_word' id='word_1_61' title='bbox 290 2979 663 3039; x_wconf 84' lang='lat' dir='ltr'><strong>curationem</strong></span> <span class='ocrx_word' id='word_1_62' title='bbox 690 2977 1028 3039; x_wconf 81' lang='lat' dir='ltr'><strong>Rhodanus</strong></span> <span class='ocrx_word' id='word_1_63' title='bbox 1052 2978 1371 3046; x_wconf 79' lang='lat' dir='ltr'><strong>interesset,</strong></span> <span class='ocrx_word' id='word_1_64' title='bbox 1404 2973 1667 3053; x_wconf 87' lang='lat' dir='ltr'><strong>utrisque</strong></span> <span class='ocrx_word' id='word_1_65' title='bbox 1695 2970 1847 3050; x_wconf 85' lang='lat' dir='ltr'><strong>pesti</strong></span> <span class='ocrx_word' id='word_1_66' title='bbox 1873 2977 1936 3029; x_wconf 88' lang='lat' dir='ltr'><strong>et</strong></span> <span class='ocrx_word' id='word_1_67' title='bbox 1960 2967 2208 3029; x_wconf 88' lang='lat' dir='ltr'><strong>calami-</strong></span> 
     </span>
    </p>

    <p class='ocr_par' dir='ltr' id='par_1_9' title="bbox 290 3066 2207 3155">
     <span class='ocr_line' id='line_1_13' title="bbox 290 3066 2207 3155; baseline -0.005 -21"><span class='ocrx_word' id='word_1_68' title='bbox 290 3074 408 3134; x_wconf 78' lang='lat' dir='ltr'><strong>tati</strong></span> <span class='ocrx_word' id='word_1_69' title='bbox 432 3074 565 3136; x_wconf 78' lang='lat' dir='ltr'><strong>fuit.</strong></span> <span class='ocrx_word' id='word_1_70' title='bbox 650 3076 879 3137; x_wconf 84' lang='lat' dir='ltr'><strong>Cimbri</strong></span> <span class='ocrx_word' id='word_1_71' title='bbox 905 3077 1083 3148; x_wconf 86' lang='lat' dir='ltr'><strong>enim,</strong></span> <span class='ocrx_word' id='word_1_72' title='bbox 1109 3094 1245 3136; x_wconf 91' lang='lat' dir='ltr'><strong>cum</strong></span> <span class='ocrx_word' id='word_1_73' title='bbox 1272 3072 1573 3155; x_wconf 87' lang='lat' dir='ltr'><strong>plerisque</strong></span> <span class='ocrx_word' id='word_1_74' title='bbox 1596 3068 1917 3128; x_wconf 77' lang='lat' dir='ltr'><strong>Gallorum</strong></span> <span class='ocrx_word' id='word_1_75' title='bbox 1941 3066 2207 3126; x_wconf 81' lang='lat' dir='ltr'><strong>benevo-</strong></span> 
     </span>
    </p>

    <p class='ocr_par' dir='ltr' id='par_1_10' title="bbox 292 3162 2208 3249">
     <span class='ocr_line' id='line_1_14' title="bbox 292 3162 2208 3249; baseline -0.004 -20"><span class='ocrx_word' id='word_1_76' title='bbox 292 3170 369 3231; x_wconf 89' lang='lat' dir='ltr'><strong>lis</strong></span> <span class='ocrx_word' id='word_1_77' title='bbox 395 3180 717 3244; x_wconf 86' lang='lat' dir='ltr'><strong>uterentur,</strong></span> <span class='ocrx_word' id='word_1_78' title='bbox 754 3173 901 3233; x_wconf 85' lang='lat' dir='ltr'><strong>nihil</strong></span> <span class='ocrx_word' id='word_1_79' title='bbox 926 3173 1135 3233; x_wconf 89' lang='lat' dir='ltr'><strong>horum</strong></span> <span class='ocrx_word' id='word_1_80' title='bbox 1168 3172 1525 3249; x_wconf 76' lang='lat' dir='ltr'><strong>ignorantes,</strong></span> <span class='ocrx_word' id='word_1_81' title='bbox 1553 3186 1628 3227; x_wconf 88' lang='lat' dir='ltr'><strong>eo</strong></span> <span class='ocrx_word' id='word_1_82' title='bbox 1654 3163 1868 3243; x_wconf 84' lang='lat' dir='ltr'><strong>majori</strong></span> <span class='ocrx_word' id='word_1_83' title='bbox 1895 3162 2208 3239; x_wconf 61' lang='lat' dir='ltr'><strong>alacritate</strong></span> 
     </span>
    </p>

    <p class='ocr_par' dir='ltr' id='par_1_11' title="bbox 290 3256 2490 3542">
     <span class='ocr_line' id='line_1_15' title="bbox 290 3256 2452 3338; baseline -0.006 -12"><span class='ocrx_word' id='word_1_84' title='bbox 290 3268 527 3329; x_wconf 81' lang='lat' dir='ltr'><strong>militiae</strong></span> <span class='ocrx_word' id='word_1_85' title='bbox 560 3270 764 3329; x_wconf 85' lang='lat' dir='ltr'><strong>munia</strong></span> <span class='ocrx_word' id='word_1_86' title='bbox 801 3271 1072 3331; x_wconf 85' lang='lat' dir='ltr'><strong>obibant.</strong></span> <span class='ocrx_word' id='word_1_87' title='bbox 1157 3264 1444 3328; x_wconf 76' lang='lat' dir='ltr'><strong>Profecto</strong></span> <span class='ocrx_word' id='word_1_88' title='bbox 1476 3263 1636 3323; x_wconf 89' lang='lat' dir='ltr'><strong>enim</strong></span> <span class='ocrx_word' id='word_1_89' title='bbox 1662 3259 1886 3320; x_wconf 87' lang='lat' dir='ltr'><strong>ultores</strong></span> <span class='ocrx_word' id='word_1_90' title='bbox 1910 3256 2210 3338; x_wconf 81' lang='lat' dir='ltr'><strong>sacrilegii</strong></span> <span class='ocrx_word' id='word_1_91' title='bbox 2265 3258 2300 3310; x_wconf 85' lang='lat' dir='ltr'><strong>J</strong></span> <span class='ocrx_word' id='word_1_92' title='bbox 2305 3258 2452 3311; x_wconf 74' lang='lat' dir='ltr'><strong>nstin.</strong></span> 
     </span>
     <span class='ocr_line' id='line_1_16' title="bbox 296 3326 2490 3448; baseline -0.005 -23"><span class='ocrx_word' id='word_1_93' title='bbox 296 3364 489 3437; x_wconf 86' lang='lat' dir='ltr'><strong>Deos,</strong></span> <span class='ocrx_word' id='word_1_94' title='bbox 514 3387 635 3448; x_wconf 88' lang='lat' dir='ltr'><strong>quo</strong></span> <span class='ocrx_word' id='word_1_95' title='bbox 658 3375 939 3429; x_wconf 79' lang='lat' dir='ltr'><strong>nocentes</strong></span> <span class='ocrx_word' id='word_1_96' title='bbox 964 3366 1041 3427; x_wconf 89' lang='lat' dir='ltr'><strong>ad</strong></span> <span class='ocrx_word' id='word_1_97' title='bbox 1069 3384 1301 3448; x_wconf 84' lang='lat' dir='ltr'><strong>poeuam</strong></span> <span class='ocrx_word' id='word_1_98' title='bbox 1328 3362 1757 3445; x_wconf 80' lang='lat' dir='ltr'><strong>pertraherent,</strong></span> <span class='ocrx_word' id='word_1_99' title='bbox 1783 3364 2044 3419; x_wconf 88' lang='lat' dir='ltr'><strong>mentem</strong></span> <span class='ocrx_word' id='word_1_100' title='bbox 2073 3353 2208 3416; x_wconf 83' lang='lat' dir='ltr'><strong>Ro-</strong></span> <span class='ocrx_word' id='word_1_101' title='bbox 2235 3340 2419 3377; x_wconf 57' lang='lat'><strong>¹¹¹⁸·</strong></span> <span class='ocrx_word' id='word_1_102' title='bbox 2439 3326 2490 3375; x_wconf 73' lang='lat'><strong>⁸·</strong></span> 
     </span>
     <span class='ocr_line' id='line_1_17' title="bbox 292 3453 2211 3542; baseline -0.006 -19"><span class='ocrx_word' id='word_1_103' title='bbox 292 3464 487 3524; x_wconf 86' lang='lat' dir='ltr'><strong>manis</strong></span> <span class='ocrx_word' id='word_1_104' title='bbox 525 3463 780 3526; x_wconf 85' lang='lat' dir='ltr'><strong>ducibus</strong></span> <span class='ocrx_word' id='word_1_105' title='bbox 819 3466 1131 3536; x_wconf 80' lang='lat' dir='ltr'><strong>ademisse,</strong></span> <span class='ocrx_word' id='word_1_106' title='bbox 1180 3471 1268 3535; x_wconf 90' lang='lat' dir='ltr'><strong>ut,</strong></span> <span class='ocrx_word' id='word_1_107' title='bbox 1309 3459 1473 3542; x_wconf 89' lang='lat' dir='ltr'><strong>quod</strong></span> <span class='ocrx_word' id='word_1_108' title='bbox 1525 3466 1735 3538; x_wconf 87' lang='lat' dir='ltr'><strong>optare</strong></span> <span class='ocrx_word' id='word_1_109' title='bbox 1783 3454 1974 3533; x_wconf 82' lang='lat' dir='ltr'><strong>magis</strong></span> <span class='ocrx_word' id='word_1_110' title='bbox 2011 3453 2211 3513; x_wconf 82' lang='lat' dir='ltr'><strong>hostes</strong></span> 
     </span>
    </p>

    <p class='ocr_par' dir='ltr' id='par_1_12' title="bbox 292 3552 2210 3644">
     <span class='ocr_line' id='line_1_18' title="bbox 292 3552 2210 3644; baseline -0.006 -22"><span class='ocrx_word' id='word_1_111' title='bbox 292 3581 477 3640; x_wconf 86' lang='lat' dir='ltr'><strong>quam</strong></span> <span class='ocrx_word' id='word_1_112' title='bbox 494 3560 772 3643; x_wconf 84' lang='lat' dir='ltr'><strong>perficere</strong></span> <span class='ocrx_word' id='word_1_113' title='bbox 794 3564 1139 3644; x_wconf 85' lang='lat' dir='ltr'><strong>potuissent,</strong></span> <span class='ocrx_word' id='word_1_114' title='bbox 1156 3560 1562 3641; x_wconf 77' lang='lat' dir='ltr'><strong>disjungerent</strong></span> <span class='ocrx_word' id='word_1_115' title='bbox 1576 3552 1901 3623; x_wconf 87' lang='lat' dir='ltr'><strong>exercitus,</strong></span> <span class='ocrx_word' id='word_1_116' title='bbox 1921 3557 1984 3610; x_wconf 92' lang='lat' dir='ltr'><strong>et</strong></span> <span class='ocrx_word' id='word_1_117' title='bbox 1999 3558 2210 3611; x_wconf 82' lang='lat' dir='ltr'><strong>neutra</strong></span> 
     </span>
    </p>
   </div>
   <div class='ocr_carea' id='block_1_7' title="bbox 290 3649 1929 3738">
    <p class='ocr_par' dir='ltr' id='par_1_13' title="bbox 290 3649 1929 3738">
     <span class='ocr_line' id='line_1_19' title="bbox 290 3649 1929 3738; baseline -0.008 -17"><span class='ocrx_word' id='word_1_118' title='bbox 290 3666 466 3738; x_wconf 77' lang='lat' dir='ltr'><strong>parte</strong></span> <span class='ocrx_word' id='word_1_119' title='bbox 502 3660 646 3721; x_wconf 87' lang='lat' dir='ltr'><strong>satis</strong></span> <span class='ocrx_word' id='word_1_120' title='bbox 669 3660 884 3734; x_wconf 84' lang='lat' dir='ltr'><strong>validi,</strong></span> <span class='ocrx_word' id='word_1_121' title='bbox 908 3660 1119 3722; x_wconf 79' lang='lat' dir='ltr'><strong>faciles</strong></span> <span class='ocrx_word' id='word_1_122' title='bbox 1143 3680 1206 3720; x_wconf 87' lang='lat' dir='ltr'><strong>se</strong></span> <span class='ocrx_word' id='word_1_123' title='bbox 1240 3654 1676 3738; x_wconf 81' lang='lat' dir='ltr'><strong>aggressoribus</strong></span> <span class='ocrx_word' id='word_1_124' title='bbox 1698 3649 1929 3711; x_wconf 88' lang='lat' dir='ltr'><strong>darent.</strong></span> 
     </span>
    </p>
   </div>
   <div class='ocr_carea' id='block_1_8' title="bbox 376 3740 2539 3856">
    <p class='ocr_par' dir='ltr' id='par_1_14' title="bbox 376 3740 2539 3856">
     <span class='ocr_line' id='line_1_20' title="bbox 376 3740 2539 3856; baseline -0.01 -38"><span class='ocrx_word' id='word_1_125' title='bbox 376 3760 438 3814; x_wconf 79' lang='lat'><strong>2.</strong></span> <span class='ocrx_word' id='word_1_126' title='bbox 482 3755 649 3818; x_wconf 86' lang='lat' dir='ltr'><strong>Voto</strong></span> <span class='ocrx_word' id='word_1_127' title='bbox 676 3758 857 3837; x_wconf 82' lang='lat' dir='ltr'><strong>igitur</strong></span> <span class='ocrx_word' id='word_1_128' title='bbox 878 3758 1013 3820; x_wconf 82' lang='lat' dir='ltr'><strong>Diis</strong></span> <span class='ocrx_word' id='word_1_129' title='bbox 1038 3758 1159 3820; x_wconf 86' lang='lat' dir='ltr'><strong>suis</strong></span> <span class='ocrx_word' id='word_1_130' title='bbox 1181 3756 1368 3826; x_wconf 82' lang='lat' dir='ltr'><strong>facto,</strong></span> <span class='ocrx_word' id='word_1_131' title='bbox 1392 3752 1571 3834; x_wconf 87' lang='lat' dir='ltr'><strong>quale</strong></span> <span class='ocrx_word' id='word_1_132' title='bbox 1601 3746 1981 3810; x_wconf 81' lang='lat' dir='ltr'><strong>Germanicis</strong></span> <span class='ocrx_word' id='word_1_133' title='bbox 2006 3742 2204 3804; x_wconf 80' lang='lat' dir='ltr'><strong>Galli·</strong></span> <span class='ocrx_word' id='word_1_134' title='bbox 2229 3740 2539 3856; x_wconf 51' lang='lat' dir='ltr'><strong>AEff0631111·</strong></span> 
     </span>
    </p>
   </div>
   <div class='ocr_carea' id='block_1_9' title="bbox 200 3842 2534 4420">
    <p class='ocr_par' dir='ltr' id='par_1_15' title="bbox 200 3842 2534 4420">
     <span class='ocr_line' id='line_1_21' title="bbox 289 3842 2526 3937; baseline -0.004 -27"><span class='ocrx_word' id='word_1_135' title='bbox 289 3852 495 3932; x_wconf 83' lang='lat' dir='ltr'><strong>cisque</strong></span> <span class='ocrx_word' id='word_1_136' title='bbox 533 3856 875 3916; x_wconf 85' lang='lat' dir='ltr'><strong>nationibus</strong></span> <span class='ocrx_word' id='word_1_137' title='bbox 911 3855 1423 3937; x_wconf 83' lang='lat' dir='ltr'><strong>frequentabatur,</strong></span> <span class='ocrx_word' id='word_1_138' title='bbox 1468 3860 1486 3887; x_wconf 88' lang='lat'>‘</span> <span class='ocrx_word' id='word_1_139' title='bbox 1516 3858 1585 3909; x_wconf 87' lang='lat' dir='ltr'><strong>ut</strong></span> <span class='ocrx_word' id='word_1_140' title='bbox 1621 3843 1908 3928; x_wconf 88' lang='lat' dir='ltr'><strong>quicquid</strong></span> <span class='ocrx_word' id='word_1_141' title='bbox 1933 3862 2014 3901; x_wconf 88' lang='lat' dir='ltr'><strong>ex</strong></span> <span class='ocrx_word' id='word_1_142' title='bbox 2041 3842 2208 3902; x_wconf 81' lang='lat' dir='ltr'><strong>hoste</strong></span> <span class='ocrx_word' id='word_1_143' title='bbox 2232 3872 2360 3921; x_wconf 67' lang='lat' dir='ltr'><strong>con.</strong></span> <span class='ocrx_word' id='word_1_144' title='bbox 2383 3872 2445 3918; x_wconf 87' lang='lat' dir='ltr'><strong>de</strong></span> <span class='ocrx_word' id='word_1_145' title='bbox 2459 3868 2526 3919; x_wconf 89' lang='lat' dir='ltr'><strong>B.</strong></span> 
     </span>
     <span class='ocr_line' id='line_1_22' title="bbox 200 3936 2534 4034; baseline -0.008 -27"><span class='ocrx_word' id='word_1_146' title='bbox 200 3958 205 3963; x_wconf 87' lang='grc'><em>“</em></span> <span class='ocrx_word' id='word_1_147' title='bbox 288 3948 607 4027; x_wconf 85' lang='lat' dir='ltr'><strong>cepissent,</strong></span> <span class='ocrx_word' id='word_1_148' title='bbox 636 3966 868 4012; x_wconf 82' lang='lat' dir='ltr'><strong>sacrum</strong></span> <span class='ocrx_word' id='word_1_149' title='bbox 894 3960 1081 4023; x_wconf 71' lang='lat' dir='ltr'><strong>esset&#39;g</strong></span> <span class='ocrx_word' id='word_1_150' title='bbox 1102 3954 1121 3981; x_wconf 89' lang='lat'>&#39;</span> <span class='ocrx_word' id='word_1_151' title='bbox 1162 3953 1352 4034; x_wconf 90' lang='lat' dir='ltr'><strong>primo</strong></span> <span class='ocrx_word' id='word_1_152' title='bbox 1373 3948 1634 4027; x_wconf 81' lang='lat' dir='ltr'><strong>legatum</strong></span> <span class='ocrx_word' id='word_1_153' title='bbox 1659 3938 1917 4004; x_wconf 85' lang='lat' dir='ltr'><strong>consulis</strong></span> <span class='ocrx_word' id='word_1_154' title='bbox 1944 3938 2039 3999; x_wconf 89' lang='lat' dir='ltr'><strong>M.</strong></span> <span class='ocrx_word' id='word_1_155' title='bbox 2068 3937 2206 3997; x_wconf 78' lang='lat' dir='ltr'><strong>Au·</strong></span> <span class='ocrx_word' id='word_1_156' title='bbox 2231 3936 2362 3987; x_wconf 72' lang='lat' dir='ltr'><strong>Gall.</strong></span> <span class='ocrx_word' id='word_1_157' title='bbox 2372 3939 2534 3985; x_wconf 62' lang='lat'><strong>”01⁷-</strong></span> 
     </span>
     <span class='ocr_line' id='line_1_23' title="bbox 288 4036 2532 4127; baseline -0.003 -25"><span class='ocrx_word' id='word_1_158' title='bbox 288 4042 507 4105; x_wconf 84' lang='lat' dir='ltr'><strong>relium</strong></span> <span class='ocrx_word' id='word_1_159' title='bbox 534 4046 852 4122; x_wconf 85' lang='lat' dir='ltr'><strong>Scaurum,</strong></span> <span class='ocrx_word' id='word_1_160' title='bbox 881 4052 1072 4111; x_wconf 83' lang='lat' dir='ltr'><strong>virum</strong></span> <span class='ocrx_word' id='word_1_161' title='bbox 1102 4046 1493 4116; x_wconf 84' lang='lat' dir='ltr'><strong>consularem,</strong></span> <span class='ocrx_word' id='word_1_162' title='bbox 1520 4062 1658 4104; x_wconf 84' lang='lat' dir='ltr'><strong>cum</strong></span> <span class='ocrx_word' id='word_1_163' title='bbox 1695 4046 1864 4121; x_wconf 79' lang='lat' dir='ltr'><strong>parte</strong></span> <span class='ocrx_word' id='word_1_164' title='bbox 1899 4036 2205 4117; x_wconf 87' lang='lat' dir='ltr'><strong>copiarum</strong></span> <span class='ocrx_word' id='word_1_165' title='bbox 2261 4066 2372 4116; x_wconf 84' lang='lat' dir='ltr'><strong>Liv.</strong></span> <span class='ocrx_word' id='word_1_166' title='bbox 2395 4062 2532 4127; x_wconf 71' lang='lat' dir='ltr'><strong>Epic.</strong></span> 
     </span>
     <span class='ocr_line' id='line_1_24' title="bbox 288 4128 2506 4229; baseline -0.003 -30"><span class='ocrx_word' id='word_1_167' title='bbox 288 4142 482 4213; x_wconf 84' lang='lat' dir='ltr'><strong>nacti,</strong></span> <span class='ocrx_word' id='word_1_168' title='bbox 508 4142 655 4205; x_wconf 81' lang='lat' dir='ltr'><strong>fusis</strong></span> <span class='ocrx_word' id='word_1_169' title='bbox 690 4133 977 4229; x_wconf 80' lang='lat' dir='ltr'><strong>caesisque</strong></span> <span class='ocrx_word' id='word_1_170' title='bbox 1002 4168 1153 4229; x_wconf 85' lang='lat' dir='ltr'><strong>quos</strong></span> <span class='ocrx_word' id='word_1_171' title='bbox 1178 4148 1455 4214; x_wconf 84' lang='lat' dir='ltr'><strong>duxerat,</strong></span> <span class='ocrx_word' id='word_1_172' title='bbox 1480 4142 1686 4202; x_wconf 80' lang='lat' dir='ltr'><strong>vivum</strong></span> <span class='ocrx_word' id='word_1_173' title='bbox 1719 4142 2024 4219; x_wconf 85' lang='lat' dir='ltr'><strong>ceperunt.</strong></span> <span class='ocrx_word' id='word_1_174' title='bbox 2109 4130 2206 4192; x_wconf 89' lang='lat' dir='ltr'><strong>Ea</strong></span> <span class='ocrx_word' id='word_1_175' title='bbox 2227 4128 2506 4181; x_wconf 74' lang='lat' dir='ltr'><strong>OmVeu.</strong></span> 
     </span>
     <span class='ocr_line' id='line_1_25' title="bbox 290 4199 2395 4321; baseline -0.002 -26"><span class='ocrx_word' id='word_1_176' title='bbox 290 4256 388 4297; x_wconf 78' lang='lat' dir='ltr'><strong>res</strong></span> <span class='ocrx_word' id='word_1_177' title='bbox 411 4258 549 4299; x_wconf 89' lang='lat' dir='ltr'><strong>cum</strong></span> <span class='ocrx_word' id='word_1_178' title='bbox 574 4250 807 4305; x_wconf 88' lang='lat' dir='ltr'><strong>tantum</strong></span> <span class='ocrx_word' id='word_1_179' title='bbox 847 4246 1028 4306; x_wconf 87' lang='lat' dir='ltr'><strong>animi</strong></span> <span class='ocrx_word' id='word_1_180' title='bbox 1066 4244 1355 4314; x_wconf 83' lang='lat' dir='ltr'><strong>hostibus,</strong></span> <span class='ocrx_word' id='word_1_181' title='bbox 1392 4248 1682 4321; x_wconf 82' lang='lat' dir='ltr'><strong>quantum</strong></span> <span class='ocrx_word' id='word_1_182' title='bbox 1713 4233 1940 4296; x_wconf 87' lang='lat' dir='ltr'><strong>timoris</strong></span> <span class='ocrx_word' id='word_1_183' title='bbox 1974 4226 2204 4292; x_wconf 83' lang='lat' dir='ltr'><strong>consuli</strong></span> <span class='ocrx_word' id='word_1_184' title='bbox 2228 4200 2346 4310; x_wconf 53' lang='lat'><em>{310¹</em></span> <span class='ocrx_word' id='word_1_185' title='bbox 2342 4199 2395 4245; x_wconf 69' lang='lat'><strong>²⁸</strong></span> 
     </span>
     <span class='ocr_line' id='line_1_26' title="bbox 290 4332 2208 4420; baseline 0.003 -28"><span class='ocrx_word' id='word_1_186' title='bbox 290 4332 646 4411; x_wconf 81' lang='lat' dir='ltr'><strong>addidisset,</strong></span> <span class='ocrx_word' id='word_1_187' title='bbox 672 4342 830 4401; x_wconf 87' lang='lat' dir='ltr'><strong>mitti</strong></span> <span class='ocrx_word' id='word_1_188' title='bbox 853 4342 931 4404; x_wconf 87' lang='lat' dir='ltr'><strong>ad</strong></span> <span class='ocrx_word' id='word_1_189' title='bbox 953 4341 1270 4403; x_wconf 80' lang='lat' dir='ltr'><strong>Servilium</strong></span> <span class='ocrx_word' id='word_1_190' title='bbox 1296 4337 1546 4420; x_wconf 87' lang='lat' dir='ltr'><strong>placuit,</strong></span> <span class='ocrx_word' id='word_1_191' title='bbox 1568 4336 1843 4417; x_wconf 86' lang='lat' dir='ltr'><strong>petitum,</strong></span> <span class='ocrx_word' id='word_1_192' title='bbox 1871 4338 1940 4389; x_wconf 81' lang='lat' dir='ltr'><strong>ut</strong></span> <span class='ocrx_word' id='word_1_193' title='bbox 1955 4334 2208 4409; x_wconf 57' lang='lat' dir='ltr'><strong>quanm·</strong></span> 
     </span>
    </p>
   </div>
   <div class='ocr_carea' id='block_1_10' title="bbox 288 4423 2206 4513">
    <p class='ocr_par' dir='ltr' id='par_1_16' title="bbox 288 4423 2206 4513">
     <span class='ocr_line' id='line_1_27' title="bbox 288 4423 2206 4513; baseline -0.004 -20"><span class='ocrx_word' id='word_1_194' title='bbox 288 4452 449 4513; x_wconf 79' lang='lat' dir='ltr'><strong>cyus</strong></span> <span class='ocrx_word' id='word_1_195' title='bbox 475 4454 613 4497; x_wconf 88' lang='lat' dir='ltr'><strong>cum</strong></span> <span class='ocrx_word' id='word_1_196' title='bbox 654 4440 921 4501; x_wconf 84' lang='lat' dir='ltr'><strong>exercitu</strong></span> <span class='ocrx_word' id='word_1_197' title='bbox 970 4440 1050 4503; x_wconf 87' lang='lat' dir='ltr'><strong>ad</strong></span> <span class='ocrx_word' id='word_1_198' title='bbox 1088 4460 1153 4501; x_wconf 88' lang='lat' dir='ltr'><strong>se</strong></span> <span class='ocrx_word' id='word_1_199' title='bbox 1198 4436 1527 4501; x_wconf 88' lang='lat' dir='ltr'><strong>accederet.</strong></span> <span class='ocrx_word' id='word_1_200' title='bbox 1610 4430 1736 4495; x_wconf 88' lang='lat' dir='ltr'><strong>Ille</strong></span> <span class='ocrx_word' id='word_1_201' title='bbox 1780 4446 1950 4491; x_wconf 82' lang='lat' dir='ltr'><strong>suam</strong></span> <span class='ocrx_word' id='word_1_202' title='bbox 1986 4423 2206 4505; x_wconf 83' lang='lat' dir='ltr'><strong>cuique</strong></span> 
     </span>
    </p>
   </div>
  </div>
 </body>
</html>
