3225 5242
791 490 972 561 428⁰
1293 554 1296 556 Α
1497 514 1504 521 ·
1750 508 1819 557 r.
1869 508 2064 557 mvn

1123 648 1436 711 Flaminia:
1457 650 1847 715 committitur
1874 650 2122 713 AEmilia
2144 651 2269 723 via,
2298 670 2438 713 cam
2465 650 2559 713 M.
2590 652 2857 734 Lepidus
2878 674 3019 716 con·

1123 747 1216 808 sul
1252 767 1291 807 a
1316 745 1637 809 Placentia
1671 748 2013 810 Ariminum
2038 747 2213 809 fecit:
2256 768 2393 809 cum
2420 749 2479 809 in
2509 748 2809 809 Flaminia
2830 750 3021 813 muni-

829 848 961 899 Plut.
981 849 1046 897 de
1123 846 1280 907 enda
1316 844 1393 905 C.
1422 844 1752 905 Flaminius
1774 845 2011 925 collega
2048 844 2265 927 Lepidi
2288 854 2618 928 occupatus
2640 856 2816 909 esset.
2900 846 3023 909 Sed

797 912 1100 1030 gfff-3⁰⁰⁰
1122 952 1188 1003 et
1226 942 1456 1003 Mentis
1494 942 1687 1003 oedem
1720 942 1799 1003 ab
1830 942 1945 1002 boc
1982 942 2229 1003 AEmilio
2253 940 2483 1005 Scauro
2506 942 2851 1006 dedicatam
2875 946 3027 1007 inter

1121 1040 1394 1099 censoria
1415 1039 1548 1117 ejus
1565 1058 1750 1119 opera
1772 1037 2093 1100 retulerim.

797 1142 915 1196 ειη.
1203 1142 1304 1196 22.
1348 1136 1433 1203 Q.
1476 1137 1703 1197 interea
1743 1134 2035 1197 Metellus
2072 1135 2134 1195 in
2171 1133 2469 1197 Numidia
2498 1137 2673 1197 rebus
2706 1140 3025 1220 prosperis,

1119 1240 1184 1293 et
1214 1233 1454 1312 cognito
1500 1252 1639 1315 quae
1678 1231 1757 1293 de
1789 1252 1853 1293 se
1896 1231 2059 1293 fama
2081 1232 2145 1292 in
2183 1233 2329 1293 urbe
2354 1242 2533 1305 esset,
2560 1232 2784 1305 alacer,
2820 1234 3029 1297 divisis

1118 1352 1256 1393 cum
1295 1330 1497 1391 Mario
1529 1331 1741 1411 copiis,
1767 1330 1856 1390 ita
1888 1328 2223 1401 incedebat,
2247 1338 2335 1401 ut,
2370 1330 2489 1389 utri
2523 1330 2720 1391 hostes
2752 1352 3029 1413 superve-

1055 1504 1058 1512 .
1119 1430 1360 1500 nissent,
1389 1436 1618 1509 promte
1638 1428 1901 1489 succurri
1928 1428 2005 1487 ab
2033 1424 2221 1489 altero
2242 1439 2461 1508 posset.
2546 1429 2653 1489 lta
2676 1430 3029 1492 vastabatur

1119 1525 1242 1586 late
1269 1515 1586 1597 Numidia,
1615 1546 1809 1605 neque
1832 1524 2143 1585 Romanos
2168 1520 2489 1586 invadendi
2514 1525 2787 1587 hostibus
2810 1547 3030 1609 oppor-

1119 1624 1343 1683 tunitas
1365 1622 1646 1695 dabatur,
1668 1622 1815 1683 licet
1832 1623 2081 1703 impigre
2101 1620 2397 1702 quidlibet
2417 1632 2685 1683 tentante
2704 1623 2746 1684 J
2748 1627 3027 1703 ugurtha.

1120 1719 1242 1781 Ille
1277 1740 1651 1802 quacumque
1692 1723 1913 1781 iturum
1954 1718 2299 1780 Romanum
2334 1728 2617 1791 senserat,
2651 1722 2943 1801 pabulum
2968 1733 3031 1785 et

1109 1814 1312 1879 'fontes
1335 1838 1626 1899 aquarum
1650 1837 2061 1900 corrumpere:
2103 1837 2264 1899 saepe
2298 1818 2578 1890 Metello,
2622 1838 2781 1901 saepe
2827 1820 3028 1882 Mario

1115 1936 1180 1975 se
1207 1916 1544 1995 objectare:
1587 1915 1805 1977 deinde
1842 1924 1975 1997 post
2014 1914 2211 1976 levem
2256 1916 2695 1995 impressionem
2736 1917 2799 1977 in
2842 1918 3029 1979 colles

1117 2012 1414 2073 recedere.
1497 2013 1604 2074 Ita
1624 2012 1818 2095 praelii
1848 2014 2083 2093 copiam
2111 2013 2305 2094 impar
2327 2013 2555 2074 viribus
2578 2013 3024 2095 nonlfaciebat:

1117 2110 1530 2172 tantummodo
1553 2112 1809 2183 hostem,
1838 2110 2054 2190 quibus
2070 2117 2306 2191 poterat
2328 2109 2541 2181 modis,
2568 2112 2647 2171 ab
2674 2110 2921 2193 incepto
2936 2134 3027 2175 re-

1118 2210 1484 2271 morabatur.

1197 2313 1300 2369 23.
1345 2304 1635 2366 Metellus
1674 2313 1801 2365 arte
1841 2302 2152 2384 Jugurthae
2187 2303 2493 2383 fatigatus,
2536 2304 2623 2367 ad·
2660 2305 3027 2367 obsidionem

1118 2403 1342 2465 validae
1365 2402 1677 2491 cujusdam
1694 2404 1859 2463 urbis
1884 2404 2147 2463 animum
2172 2402 2474 2483 applicat:
2516 2423 2639 2484 qno
2658 2404 2761 2465 vel
2784 2402 3030 2470 defensa

1121 2522 1160 2562 a
1185 2522 1344 2580 rege,
1375 2502 1610 2561 occasio
1633 2500 1969 2582 pugnandi:
2013 2500 2111 2560 vel
2138 2500 2371 2573 relicta,
2393 2501 2649 2582 pretium
2678 2521 2879 2581 operae
2904 2501 3029 2563 vic-

1121 2600 1348 2660 toribus
1369 2597 1544 2659 foret.
1631 2598 1785 2658 Ideo
1812 2598 2068 2659 Zamam
2100 2618 2323 2671 versus,
2351 2618 2489 2678 quae
2522 2608 2713 2679 caput
2746 2600 2915 2660 circa
2939 2620 3028 2659 re-

1120 2697 1312 2775 gionis
1331 2704 1482 2768 erat,
1507 2716 1647 2757 cum
1672 2696 1939 2757 exercitu
1979 2694 2390 2776 proficiscitur.
2476 2695 2557 2757 Id
2586 2696 2689 2757 ubi
2712 2695 3030 2775 Jugurthae

1122 2793 1498 2881 perfugarum
1522 2793 1743 2853 iudicio
1768 2792 2139 2875 patefactum
2156 2802 2270 2866 est,
2292 2794 2523 2873 magnis
2540 2794 2851 2855 itineribus
2876 2814 3029 2876 με·

1121 2902 1370 2971 gressus,
1398 2889 1729 2972 oppidanos
1760 2888 2097 2962 confirmat,
2122 2891 2294 2975 et0a2d
2328 2892 2611 2952 virtutem
2648 2886 3028 2951 cohortatur:

1120 2998 1139 3025 ‘
1163 3008 1250 3059 se,
1277 2988 1382 3048 ubi
1413 3008 1507 3047 res
1539 2988 1925 3069 poposcisset,
1960 2987 2020 3046 in
2052 2996 2319 3068 tempore
2346 2986 2689 3049 affuturum.
2756 2982 3030 3049 ⁸Interim

1120 3083 1392 3167 praesidio
1421 3085 1754 3164 relinquere
1781 3083 2145 3163 transfugas:
2188 3087 2319 3157 hos,
2342 3093 2505 3146 certo
2535 3084 2698 3166 apud
2718 3083 3031 3147 Romanos

1119 3184 1304 3244 exitio
1325 3183 1841 3264 proposit03seque
1860 3191 1922 3242 et
1936 3170 2141 3243 urbem
2162 3182 2627 3264 pertinacissime
2648 3180 3031 3246 defensuros!

1201 3285 1303 3349 24.
1346 3279 1486 3361 Ipse
1513 3280 1576 3340 in
1603 3278 1738 3339 loca
1763 3300 1944 3359 quam
1970 3281 2232 3341 maxime
2270 3279 2513 3341 occul-ta
2535 3278 2849 3359 digressus,
2894 3301 3029 3343 cum

1124 3372 1388 3434 Marium
1415 3396 1492 3434 ex
1519 3377 1729 3436 itinere
1754 3374 2173 3437 frumentatum
2209 3375 2360 3437 mitti
2398 3396 2536 3436 eum
2572 3377 2781 3456 paucis
2818 3378 3031 3439 cobor-

1120 3470 1282 3531 tibus
1303 3472 1697 3551 cognovisset,
1720 3493 1823 3553 per
1850 3481 2084 3533 noctem
2112 3471 2351 3534 Siccam
2388 3472 2655 3545 advolat,
2677 3493 2813 3553 quae
2839 3476 3033 3555 prima

1123 3576 1260 3649 post
1281 3567 1590 3628 adversam
1616 3590 1878 3650 pugnam
1905 3589 1944 3629 a
1966 3590 2029 3631 se
2056 3568 2395 3630 defecerat:
2424 3579 2489 3630 et
2512 3568 2883 3647 egredientes
2896 3574 3031 3650 jam

1123 3672 1296 3746 porta
1331 3664 1641 3726 Romanos
1678 3674 1913 3739 nactus,
1948 3686 2086 3726 cum
2123 3664 2377 3726 delectis
2408 3666 2713 3747 equitibus
2747 3667 3029 3729 incursat.

1125 3760 1316 3822 Simul
1342 3782 1560 3841 magna
1582 3783 1733 3823 voce
1772 3762 2083 3824 Siccenses
2114 3763 2402 3835 bortatur,
2429 3771 2500 3822 ut
2524 3784 2563 3824 a
2588 3772 2756 3843 tergo
2794 3762 3033 3825 Roma-

1123 3879 1232 3921 nos
1259 3860 1706 3939 aggrediantur:
1749 3862 1986 3927 veniam
2018 3860 2463 3943 praeteritorum,
2496 3868 2564 3920 et
2596 3860 2837 3941 insuper
2878 3880 3032 3942 prae-

1123 3957 1245 4017 mia
1285 3956 1518 4017 abunde
1555 3957 1896 4039 pollicitus:
1938 3978 2057 4019 non
2098 3978 2257 4019 vano
2292 3959 2452 4039 apud
2487 3958 2849 4018 levissimam
2885 3978 3031 4037 gen-

1124 4064 1244 4115 tem
1269 4055 1539 4127 consilio,
1567 4056 1632 4116 ni
1669 4055 1905 4118 Marius
1936 4055 2189 4116 educere
2215 4076 2351 4117 suos
2372 4062 2763 4139 properasset,
2793 4055 3033 4137 praelio-

1126 4173 1242 4232 que
1261 4163 1479 4234 coepto,
1496 4152 1811 4225 Numidae,
1828 4152 2041 4213 frustra
2067 4154 2351 4213 retinente
2371 4152 2689 4231 Jugurtha,
2712 4160 3031 4233 postquam

1126 4249 1359 4329 aliquos
1384 4248 1673 4310 videbant
1694 4250 1930 4322 cadere,
1958 4250 2368 4331 profugissent.

1203 4352 1304 4406 25.
1345 4344 1484 4406 Jam
1514 4345 1592 4409 ad
1630 4346 1883 4409 Zamam
1915 4358 2114 4410 castra
2153 4346 2441 4409 Metellus
2476 4354 2775 4429 posuerat,
2804 4344 3033 4409 adven-
