<?xml version="1.0" encoding="UTF-8"?>
<!DOCTYPE html PUBLIC "-//W3C//DTD XHTML 1.0 Transitional//EN"
    "http://www.w3.org/TR/xhtml1/DTD/xhtml1-transitional.dtd">
<html xmlns="http://www.w3.org/1999/xhtml" xml:lang="en" lang="en">
 <head>
  <title>
</title>
<meta http-equiv="Content-Type" content="text/html;charset=utf-8" />
  <meta name='ocr-system' content='tesseract 3.04.00' />
  <meta name='ocr-capabilities' content='ocr_page ocr_carea ocr_par ocr_line ocrx_word'/>
</head>
<body>
  <div class='ocr_page' id='page_1' title='image "./tliviipatavinih36unkngoog_0365.png"; bbox 0 0 3225 5242; ppageno 0'>
   <div class='ocr_carea' id='block_1_1' title="bbox 746 562 2437 635">
    <p class='ocr_par' dir='ltr' id='par_1_1' title="bbox 746 562 2437 635">
     <span class='ocr_line' id='line_1_1' title="bbox 746 562 2437 635; baseline -0.001 -1"><span class='ocrx_word' id='word_1_1' title='bbox 746 583 957 635; x_wconf 77' lang='lat' dir='ltr'><strong>uum</strong></span> <span class='ocrx_word' id='word_1_2' title='bbox 1010 583 1920 635; x_wconf 68' lang='lat' dir='ltr'><strong>val.sUPP1.BuENTUM.</strong></span> <span class='ocrx_word' id='word_1_3' title='bbox 2264 562 2437 633; x_wconf 72' lang='grc'>4311.</span> 
     </span>
    </p>
   </div>
   <div class='ocr_carea' id='block_1_2' title="bbox 202 725 2418 2078">
    <p class='ocr_par' dir='ltr' id='par_1_2' title="bbox 202 725 2395 1280">
     <span class='ocr_line' id='line_1_2' title="bbox 206 725 2362 809; baseline 0 -21"><span class='ocrx_word' id='word_1_4' title='bbox 206 726 575 807; x_wconf 76' lang='lat' dir='ltr'><strong>perornavit,</strong></span> <span class='ocrx_word' id='word_1_5' title='bbox 600 727 661 787; x_wconf 88' lang='lat' dir='ltr'><strong>in</strong></span> <span class='ocrx_word' id='word_1_6' title='bbox 686 726 915 807; x_wconf 80' lang='lat' dir='ltr'><strong>equites</strong></span> <span class='ocrx_word' id='word_1_7' title='bbox 931 725 1121 789; x_wconf 77' lang='lat' dir='ltr'><strong>multa</strong></span> <span class='ocrx_word' id='word_1_8' title='bbox 1144 746 1349 809; x_wconf 84' lang='lat' dir='ltr'><strong>aspere</strong></span> <span class='ocrx_word' id='word_1_9' title='bbox 1374 727 1567 789; x_wconf 83' lang='lat' dir='ltr'><strong>dixit.</strong></span> <span class='ocrx_word' id='word_1_10' title='bbox 1593 746 1732 789; x_wconf 82' lang='lat' dir='ltr'><strong>cum</strong></span> <span class='ocrx_word' id='word_1_11' title='bbox 1757 726 1818 787; x_wconf 89' lang='lat' dir='ltr'><strong>in</strong></span> <span class='ocrx_word' id='word_1_12' title='bbox 1843 726 2108 788; x_wconf 85' lang='lat' dir='ltr'><strong>oratione</strong></span> <span class='ocrx_word' id='word_1_13' title='bbox 2169 725 2277 777; x_wconf 77' lang='lat' dir='ltr'><strong>cic.</strong></span> <span class='ocrx_word' id='word_1_14' title='bbox 2301 726 2362 775; x_wconf 76' lang='lat' dir='ltr'><strong>de</strong></span> 
     </span>
     <span class='ocr_line' id='line_1_3' title="bbox 202 790 2418 921; baseline 0.001 -36"><span class='ocrx_word' id='word_1_15' title='bbox 202 824 285 885; x_wconf 90' lang='lat' dir='ltr'><strong>de</strong></span> <span class='ocrx_word' id='word_1_16' title='bbox 330 825 571 887; x_wconf 88' lang='lat' dir='ltr'><strong>colonia</strong></span> <span class='ocrx_word' id='word_1_17' title='bbox 614 822 994 885; x_wconf 73' lang='lat' dir='ltr'><strong>Narbonensi</strong></span> <span class='ocrx_word' id='word_1_18' title='bbox 1036 826 1398 887; x_wconf 86' lang='lat' dir='ltr'><strong>contrarium</strong></span> <span class='ocrx_word' id='word_1_19' title='bbox 1443 826 1774 887; x_wconf 69' lang='lat' dir='ltr'><strong>institutum</strong></span> <span class='ocrx_word' id='word_1_20' title='bbox 1811 826 2112 887; x_wconf 82' lang='lat' dir='ltr'><strong>tenuisset.</strong></span> <span class='ocrx_word' id='word_1_21' title='bbox 2137 790 2310 921; x_wconf 50' lang='grc' dir='ltr'><strong>ἕψω</strong></span> <span class='ocrx_word' id='word_1_22' title='bbox 2332 796 2418 843; x_wconf 71' lang='lat'><strong>⁶⁵</strong></span> 
     </span>
     <span class='ocr_line' id='line_1_4' title="bbox 206 921 2352 1005; baseline 0.002 -23"><span class='ocrx_word' id='word_1_23' title='bbox 206 922 413 1005; x_wconf 91' lang='lat' dir='ltr'><strong>quue</strong></span> <span class='ocrx_word' id='word_1_24' title='bbox 453 931 661 1004; x_wconf 83' lang='lat' dir='ltr'><strong>postea</strong></span> <span class='ocrx_word' id='word_1_25' title='bbox 684 924 771 982; x_wconf 90' lang='lat' dir='ltr'><strong>ab</strong></span> <span class='ocrx_word' id='word_1_26' title='bbox 789 932 1131 985; x_wconf 74' lang='lat' dir='ltr'><strong>accusatore</strong></span> <span class='ocrx_word' id='word_1_27' title='bbox 1161 924 1407 985; x_wconf 88' lang='lat' dir='ltr'><strong>Plancii</strong></span> <span class='ocrx_word' id='word_1_28' title='bbox 1435 923 1626 985; x_wconf 90' lang='lat' dir='ltr'><strong>Bruto</strong></span> <span class='ocrx_word' id='word_1_29' title='bbox 1650 924 1977 1004; x_wconf 75' lang='lat' dir='ltr'><strong>objectum,</strong></span> <span class='ocrx_word' id='word_1_30' title='bbox 2003 946 2114 987; x_wconf 84' lang='lat' dir='ltr'><strong>ex·</strong></span> <span class='ocrx_word' id='word_1_31' title='bbox 2139 921 2250 973; x_wconf 80' lang='grc'>0111·</span> <span class='ocrx_word' id='word_1_32' title='bbox 2269 926 2352 971; x_wconf 76' lang='grc'>51·</span> 
     </span>
     <span class='ocr_line' id='line_1_5' title="bbox 204 986 2378 1104; baseline 0.001 -23"><span class='ocrx_word' id='word_1_33' title='bbox 204 1022 407 1101; x_wconf 86' lang='lat' dir='ltr'><strong>posita</strong></span> <span class='ocrx_word' id='word_1_34' title='bbox 432 1021 711 1103; x_wconf 87' lang='lat' dir='ltr'><strong>temporis</strong></span> <span class='ocrx_word' id='word_1_35' title='bbox 735 1021 1035 1103; x_wconf 89' lang='lat' dir='ltr'><strong>utriusque</strong></span> <span class='ocrx_word' id='word_1_36' title='bbox 1056 1022 1284 1083; x_wconf 87' lang='lat' dir='ltr'><strong>ratione</strong></span> <span class='ocrx_word' id='word_1_37' title='bbox 1304 1020 1522 1093; x_wconf 85' lang='lat' dir='ltr'><strong>diluit;</strong></span> <span class='ocrx_word' id='word_1_38' title='bbox 1554 1030 1710 1082; x_wconf 90' lang='lat' dir='ltr'><strong>‘non</strong></span> <span class='ocrx_word' id='word_1_39' title='bbox 1737 1023 1954 1102; x_wconf 80' lang='lat' dir='ltr'><strong>ingenii</strong></span> <span class='ocrx_word' id='word_1_40' title='bbox 1975 1043 2172 1104; x_wconf 84' lang='lat' dir='ltr'><strong>pro-</strong></span> <span class='ocrx_word' id='word_1_41' title='bbox 2171 986 2378 1103; x_wconf 46' lang='lat' dir='ltr'><strong>quul.</strong></span> 
     </span>
     <span class='ocr_line' id='line_1_6' title="bbox 205 1056 2264 1202; baseline 0.001 -24"><span class='ocrx_word' id='word_1_42' title='bbox 205 1120 508 1200; x_wconf 86' lang='lat' dir='ltr'><strong>positique</strong></span> <span class='ocrx_word' id='word_1_43' title='bbox 532 1120 625 1180; x_wconf 85' lang='lat' dir='ltr'><strong>aui</strong></span> <span class='ocrx_word' id='word_1_44' title='bbox 648 1119 805 1182; x_wconf 88' lang='lat' dir='ltr'><strong>hanc</strong></span> <span class='ocrx_word' id='word_1_45' title='bbox 831 1138 1114 1201; x_wconf 77' lang='lat' dir='ltr'><strong>pugnam,</strong></span> <span class='ocrx_word' id='word_1_46' title='bbox 1138 1120 1245 1181; x_wconf 86' lang='lat' dir='ltr'><strong>sed</strong></span> <span class='ocrx_word' id='word_1_47' title='bbox 1260 1118 1570 1182; x_wconf 82' lang='lat' dir='ltr'><strong>hominum</strong></span> <span class='ocrx_word' id='word_1_48' title='bbox 1593 1140 1902 1202; x_wconf 86' lang='lat' dir='ltr'><strong>rerumque</strong></span> <span class='ocrx_word' id='word_1_49' title='bbox 1919 1120 2116 1182; x_wconf 79' lang='lat' dir='ltr'><strong>varie·</strong></span> <span class='ocrx_word' id='word_1_50' title='bbox 2136 1056 2264 1167; x_wconf 69' lang='grc'>01111·</span> 
     </span>
     <span class='ocr_line' id='line_1_7' title="bbox 206 1216 1968 1290; baseline 0.002 -15"><span class='ocrx_word' id='word_1_51' title='bbox 206 1224 421 1290; x_wconf 83' lang='lat' dir='ltr'><strong>tatem,</strong></span> <span class='ocrx_word' id='word_1_52' title='bbox 448 1226 512 1278; x_wconf 89' lang='lat' dir='ltr'><strong>et</strong></span> <span class='ocrx_word' id='word_1_53' title='bbox 534 1217 615 1277; x_wconf 88' lang='lat' dir='ltr'><strong>ad</strong></span> <span class='ocrx_word' id='word_1_54' title='bbox 647 1218 777 1279; x_wconf 75' lang='lat' dir='ltr'><strong>haec</strong></span> <span class='ocrx_word' id='word_1_55' title='bbox 801 1217 1365 1280; x_wconf 66' lang='lat' dir='ltr'><strong>accommodandam</strong></span> <span class='ocrx_word' id='word_1_56' title='bbox 1388 1219 1718 1279; x_wconf 87' lang='lat' dir='ltr'><strong>orationem</strong></span> <span class='ocrx_word' id='word_1_57' title='bbox 1739 1216 1968 1280; x_wconf 62' lang='lat' dir='ltr'><strong>fuisse!</strong></span> 
     </span>
    </p>

    <p class='ocr_par' dir='ltr' id='par_1_3' title="bbox 203 1309 2371 2078">
     <span class='ocr_line' id='line_1_8' title="bbox 291 1309 2371 1399; baseline 0.002 -25"><span class='ocrx_word' id='word_1_58' title='bbox 291 1320 397 1373; x_wconf 98' lang='grc'><strong>40.</strong></span> <span class='ocrx_word' id='word_1_59' title='bbox 442 1314 725 1376; x_wconf 80' lang='lat' dir='ltr'><strong>Cetenun</strong></span> <span class='ocrx_word' id='word_1_60' title='bbox 746 1314 1030 1376; x_wconf 84' lang='lat' dir='ltr'><strong>laudern</strong></span> <span class='ocrx_word' id='word_1_61' title='bbox 1014 1335 1075 1375; x_wconf 86' lang='grc' dir='ltr'><strong>ιιι</strong></span> <span class='ocrx_word' id='word_1_62' title='bbox 1114 1316 1261 1377; x_wconf 87' lang='lat' dir='ltr'><strong>urbe</strong></span> <span class='ocrx_word' id='word_1_63' title='bbox 1302 1328 1537 1399; x_wconf 86' lang='lat' dir='ltr'><strong>partam</strong></span> <span class='ocrx_word' id='word_1_64' title='bbox 1570 1314 1780 1377; x_wconf 90' lang='lat' dir='ltr'><strong>consul</strong></span> <span class='ocrx_word' id='word_1_65' title='bbox 1823 1314 2115 1377; x_wconf 80' lang='lat' dir='ltr'><strong>Servilius</strong></span> <span class='ocrx_word' id='word_1_66' title='bbox 2169 1309 2272 1366; x_wconf 77' lang='lat' dir='ltr'><strong>Dio</strong></span> <span class='ocrx_word' id='word_1_67' title='bbox 2289 1326 2371 1378; x_wconf 70' lang='lat'><strong>⁸1³·</strong></span> 
     </span>
     <span class='ocr_line' id='line_1_9' title="bbox 206 1376 2268 1523; baseline 0.002 -52"><span class='ocrx_word' id='word_1_68' title='bbox 206 1410 598 1523; x_wconf 72' lang='lat' dir='ltr'><strong>expeditione</strong></span> <span class='ocrx_word' id='word_1_69' title='bbox 624 1411 953 1474; x_wconf 82' lang='lat' dir='ltr'><strong>Gallicana</strong></span> <span class='ocrx_word' id='word_1_70' title='bbox 976 1414 1257 1496; x_wconf 86' lang='lat' dir='ltr'><strong>corrupit.</strong></span> <span class='ocrx_word' id='word_1_71' title='bbox 1342 1414 1499 1475; x_wconf 88' lang='lat' dir='ltr'><strong>Eam</strong></span> <span class='ocrx_word' id='word_1_72' title='bbox 1520 1434 1645 1473; x_wconf 82' lang='lat' dir='ltr'><strong>rem</strong></span> <span class='ocrx_word' id='word_1_73' title='bbox 1665 1414 1752 1473; x_wconf 86' lang='lat' dir='ltr'><strong>ita</strong></span> <span class='ocrx_word' id='word_1_74' title='bbox 1771 1420 1997 1493; x_wconf 82' lang='lat' dir='ltr'><strong>gestam</strong></span> <span class='ocrx_word' id='word_1_75' title='bbox 2013 1434 2116 1475; x_wconf 89' lang='lat' dir='ltr'><strong>ac-</strong></span> <span class='ocrx_word' id='word_1_76' title='bbox 2140 1376 2268 1427; x_wconf 52' lang='lat' dir='ltr'><strong>vm</strong></span> 
     </span>
     <span class='ocr_line' id='line_1_10' title="bbox 203 1508 2118 1590; baseline 0.001 -21"><span class='ocrx_word' id='word_1_77' title='bbox 203 1510 497 1590; x_wconf 85' lang='lat' dir='ltr'><strong>cepimus.</strong></span> <span class='ocrx_word' id='word_1_78' title='bbox 578 1508 799 1571; x_wconf 88' lang='lat' dir='ltr'><strong>Tolosa</strong></span> <span class='ocrx_word' id='word_1_79' title='bbox 822 1510 1040 1571; x_wconf 90' lang='lat' dir='ltr'><strong>nobilis</strong></span> <span class='ocrx_word' id='word_1_80' title='bbox 1060 1510 1380 1573; x_wconf 72' lang='lat' dir='ltr'><strong>Gallorum</strong></span> <span class='ocrx_word' id='word_1_81' title='bbox 1400 1512 1636 1584; x_wconf 77' lang='lat' dir='ltr'><strong>civitas,</strong></span> <span class='ocrx_word' id='word_1_82' title='bbox 1657 1530 1794 1571; x_wconf 87' lang='lat' dir='ltr'><strong>cum</strong></span> <span class='ocrx_word' id='word_1_83' title='bbox 1819 1512 1882 1570; x_wconf 90' lang='lat' dir='ltr'><strong>in</strong></span> <span class='ocrx_word' id='word_1_84' title='bbox 1900 1509 2118 1571; x_wconf 82' lang='lat' dir='ltr'><strong>foedere</strong></span> 
     </span>
     <span class='ocr_line' id='line_1_11' title="bbox 207 1605 2116 1687; baseline 0.003 -22"><span class='ocrx_word' id='word_1_85' title='bbox 207 1605 423 1687; x_wconf 86' lang='lat' dir='ltr'><strong>populi</strong></span> <span class='ocrx_word' id='word_1_86' title='bbox 448 1606 715 1668; x_wconf 83' lang='lat' dir='ltr'><strong>Romani</strong></span> <span class='ocrx_word' id='word_1_87' title='bbox 736 1615 913 1681; x_wconf 85' lang='lat' dir='ltr'><strong>esset,</strong></span> <span class='ocrx_word' id='word_1_88' title='bbox 936 1628 975 1669; x_wconf 89' lang='lat' dir='ltr'><strong>a</strong></span> <span class='ocrx_word' id='word_1_89' title='bbox 1000 1607 1263 1669; x_wconf 76' lang='lat' dir='ltr'><strong>Cimbris</strong></span> <span class='ocrx_word' id='word_1_90' title='bbox 1284 1608 1607 1679; x_wconf 71' lang='lat' dir='ltr'><strong>solicitata,</strong></span> <span class='ocrx_word' id='word_1_91' title='bbox 1637 1606 1856 1668; x_wconf 84' lang='lat' dir='ltr'><strong>milites</strong></span> <span class='ocrx_word' id='word_1_92' title='bbox 1883 1606 2116 1670; x_wconf 85' lang='lat' dir='ltr'><strong>Roma-</strong></span> 
     </span>
     <span class='ocr_line' id='line_1_12' title="bbox 208 1704 2164 1787; baseline 0.003 -26"><span class='ocrx_word' id='word_1_93' title='bbox 208 1722 349 1775; x_wconf 80' lang='lat' dir='ltr'><strong>nos,</strong></span> <span class='ocrx_word' id='word_1_94' title='bbox 376 1705 481 1784; x_wconf 87' lang='lat' dir='ltr'><strong>qui</strong></span> <span class='ocrx_word' id='word_1_95' title='bbox 509 1704 769 1786; x_wconf 68' lang='lat' dir='ltr'><strong>praesidii</strong></span> <span class='ocrx_word' id='word_1_96' title='bbox 796 1725 981 1767; x_wconf 88' lang='lat' dir='ltr'><strong>causa</strong></span> <span class='ocrx_word' id='word_1_97' title='bbox 1004 1707 1066 1767; x_wconf 87' lang='lat' dir='ltr'><strong>in</strong></span> <span class='ocrx_word' id='word_1_98' title='bbox 1102 1706 1325 1787; x_wconf 90' lang='lat' dir='ltr'><strong>oppido</strong></span> <span class='ocrx_word' id='word_1_99' title='bbox 1348 1714 1541 1780; x_wconf 87' lang='lat' dir='ltr'><strong>erant,</strong></span> <span class='ocrx_word' id='word_1_100' title='bbox 1576 1705 1819 1766; x_wconf 86' lang='lat' dir='ltr'><strong>occulta</strong></span> <span class='ocrx_word' id='word_1_101' title='bbox 1842 1706 2118 1784; x_wconf 83' lang='lat' dir='ltr'><strong>conjura·</strong></span> <span class='ocrx_word' id='word_1_102' title='bbox 2157 1712 2164 1719; x_wconf 83' lang='grc'><strong>”</strong></span> 
     </span>
     <span class='ocr_line' id='line_1_13' title="bbox 206 1800 2122 1887; baseline 0.002 -28"><span class='ocrx_word' id='word_1_103' title='bbox 206 1800 379 1861; x_wconf 88' lang='lat' dir='ltr'><strong>tione</strong></span> <span class='ocrx_word' id='word_1_104' title='bbox 400 1821 715 1883; x_wconf 82' lang='lat' dir='ltr'><strong>oppressos</strong></span> <span class='ocrx_word' id='word_1_105' title='bbox 754 1803 817 1863; x_wconf 84' lang='lat' dir='ltr'><strong>in</strong></span> <span class='ocrx_word' id='word_1_106' title='bbox 854 1804 1100 1887; x_wconf 77' lang='lat' dir='ltr'><strong>vincula</strong></span> <span class='ocrx_word' id='word_1_107' title='bbox 1142 1804 1499 1882; x_wconf 83' lang='lat' dir='ltr'><strong>conjecerat.</strong></span> <span class='ocrx_word' id='word_1_108' title='bbox 1584 1801 1682 1863; x_wconf 88' lang='lat' dir='ltr'><strong>Eo</strong></span> <span class='ocrx_word' id='word_1_109' title='bbox 1707 1821 1846 1863; x_wconf 90' lang='lat' dir='ltr'><strong>cum</strong></span> <span class='ocrx_word' id='word_1_110' title='bbox 1871 1800 2122 1862; x_wconf 88' lang='lat' dir='ltr'><strong>delectis</strong></span> 
     </span>
     <span class='ocr_line' id='line_1_14' title="bbox 207 1896 2120 2007; baseline 0.002 -51"><span class='ocrx_word' id='word_1_111' title='bbox 207 1896 463 2007; x_wconf 82' lang='lat' dir='ltr'><strong>impigre</strong></span> <span class='ocrx_word' id='word_1_112' title='bbox 516 1898 817 1980; x_wconf 81' lang='lat' dir='ltr'><strong>profectus</strong></span> <span class='ocrx_word' id='word_1_113' title='bbox 864 1899 1096 1973; x_wconf 86' lang='lat' dir='ltr'><strong>consul,</strong></span> <span class='ocrx_word' id='word_1_114' title='bbox 1142 1919 1281 1961; x_wconf 88' lang='lat' dir='ltr'><strong>curn</strong></span> <span class='ocrx_word' id='word_1_115' title='bbox 1328 1899 1546 1979; x_wconf 75' lang='lat' dir='ltr'><strong>ignaris</strong></span> <span class='ocrx_word' id='word_1_116' title='bbox 1578 1899 1796 1960; x_wconf 88' lang='lat' dir='ltr'><strong>ceteris</strong></span> <span class='ocrx_word' id='word_1_117' title='bbox 1829 1918 1934 1980; x_wconf 85' lang='lat' dir='ltr'><strong>per</strong></span> <span class='ocrx_word' id='word_1_118' title='bbox 1976 1918 2120 1959; x_wconf 86' lang='lat' dir='ltr'><strong>con·</strong></span> 
     </span>
     <span class='ocr_line' id='line_1_15' title="bbox 206 1994 2123 2078; baseline 0 -23"><span class='ocrx_word' id='word_1_119' title='bbox 206 1995 375 2055; x_wconf 84' lang='lat' dir='ltr'><strong>scios</strong></span> <span class='ocrx_word' id='word_1_120' title='bbox 406 1995 562 2056; x_wconf 87' lang='lat' dir='ltr'><strong>intra</strong></span> <span class='ocrx_word' id='word_1_121' title='bbox 596 1994 812 2056; x_wconf 86' lang='lat' dir='ltr'><strong>moenia</strong></span> <span class='ocrx_word' id='word_1_122' title='bbox 841 2006 1117 2078; x_wconf 83' lang='lat' dir='ltr'><strong>receptus</strong></span> <span class='ocrx_word' id='word_1_123' title='bbox 1148 2005 1323 2068; x_wconf 84' lang='lat' dir='ltr'><strong>esset,</strong></span> <span class='ocrx_word' id='word_1_124' title='bbox 1350 1997 1559 2058; x_wconf 85' lang='lat' dir='ltr'><strong>urbem</strong></span> <span class='ocrx_word' id='word_1_125' title='bbox 1588 1996 1780 2058; x_wconf 81' lang='lat' dir='ltr'><strong>veteri</strong></span> <span class='ocrx_word' id='word_1_126' title='bbox 1815 1994 2123 2076; x_wconf 85' lang='lat' dir='ltr'><strong>opulentia</strong></span> 
     </span>
    </p>
   </div>
   <div class='ocr_carea' id='block_1_3' title="bbox 90 2091 2124 2177">
    <p class='ocr_par' dir='ltr' id='par_1_4' title="bbox 90 2091 2124 2177">
     <span class='ocr_line' id='line_1_16' title="bbox 90 2091 2124 2177; baseline 0.001 -26"><span class='ocrx_word' id='word_1_127' title='bbox 90 2138 99 2145; x_wconf 86' lang='lat'>.</span> <span class='ocrx_word' id='word_1_128' title='bbox 208 2091 443 2152; x_wconf 88' lang='lat' dir='ltr'><strong>claram</strong></span> <span class='ocrx_word' id='word_1_129' title='bbox 480 2092 753 2173; x_wconf 81' lang='lat' dir='ltr'><strong>diripuit,</strong></span> <span class='ocrx_word' id='word_1_130' title='bbox 800 2109 917 2154; x_wconf 88' lang='lat' dir='ltr'><strong>non</strong></span> <span class='ocrx_word' id='word_1_131' title='bbox 974 2093 1235 2177; x_wconf 80' lang='lat' dir='ltr'><strong>profanis</strong></span> <span class='ocrx_word' id='word_1_132' title='bbox 1300 2092 1499 2165; x_wconf 87' lang='lat' dir='ltr'><strong>modo,</strong></span> <span class='ocrx_word' id='word_1_133' title='bbox 1553 2091 1662 2155; x_wconf 88' lang='lat' dir='ltr'><strong>sed</strong></span> <span class='ocrx_word' id='word_1_134' title='bbox 1713 2093 1896 2152; x_wconf 88' lang='lat' dir='ltr'><strong>etiam</strong></span> <span class='ocrx_word' id='word_1_135' title='bbox 1939 2093 2124 2153; x_wconf 89' lang='lat' dir='ltr'><strong>sacris</strong></span> 
     </span>
    </p>
   </div>
   <div class='ocr_carea' id='block_1_4' title="bbox 210 2189 2442 3444">
    <p class='ocr_par' dir='ltr' id='par_1_5' title="bbox 211 2189 763 2270">
     <span class='ocr_line' id='line_1_17' title="bbox 211 2189 763 2270; baseline 0.004 -21"><span class='ocrx_word' id='word_1_136' title='bbox 211 2190 485 2270; x_wconf 86' lang='lat' dir='ltr'><strong>pecuniis</strong></span> <span class='ocrx_word' id='word_1_137' title='bbox 523 2189 763 2251; x_wconf 85' lang='lat' dir='ltr'><strong>ablatis.</strong></span> 
     </span>
    </p>

    <p class='ocr_par' dir='ltr' id='par_1_6' title="bbox 210 2278 2442 3444">
     <span class='ocr_line' id='line_1_18' title="bbox 298 2278 2372 2369; baseline -0.002 -22"><span class='ocrx_word' id='word_1_138' title='bbox 298 2294 403 2349; x_wconf 90' lang='grc'><strong>41.</strong></span> <span class='ocrx_word' id='word_1_139' title='bbox 448 2286 549 2347; x_wconf 84' lang='lat' dir='ltr'><strong>Ex</strong></span> <span class='ocrx_word' id='word_1_140' title='bbox 594 2286 907 2369; x_wconf 75' lang='lat' dir='ltr'><strong>Apollinis</strong></span> <span class='ocrx_word' id='word_1_141' title='bbox 942 2284 1189 2368; x_wconf 86' lang='lat' dir='ltr'><strong>quidem</strong></span> <span class='ocrx_word' id='word_1_142' title='bbox 1230 2285 1373 2347; x_wconf 83' lang='lat' dir='ltr'><strong>fano</strong></span> <span class='ocrx_word' id='word_1_143' title='bbox 1414 2294 1654 2347; x_wconf 85' lang='lat' dir='ltr'><strong>centurn</strong></span> <span class='ocrx_word' id='word_1_144' title='bbox 1693 2278 1884 2347; x_wconf 85' lang='lat' dir='ltr'><strong>millia</strong></span> <span class='ocrx_word' id='word_1_145' title='bbox 1923 2284 2121 2367; x_wconf 82' lang='lat' dir='ltr'><strong>pondo</strong></span> <span class='ocrx_word' id='word_1_146' title='bbox 2175 2292 2372 2343; x_wconf 58' lang='lat' dir='ltr'><strong>Straba</strong></span> 
     </span>
     <span class='ocr_line' id='line_1_19' title="bbox 212 2308 2428 2496; baseline 0 -53"><span class='ocrx_word' id='word_1_147' title='bbox 212 2384 371 2455; x_wconf 87' lang='lat' dir='ltr'><strong>auri,</strong></span> <span class='ocrx_word' id='word_1_148' title='bbox 373 2387 399 2423; x_wconf 76' lang='lat'><strong>¹¹</strong></span> <span class='ocrx_word' id='word_1_149' title='bbox 437 2394 503 2445; x_wconf 86' lang='lat' dir='ltr'><strong>et</strong></span> <span class='ocrx_word' id='word_1_150' title='bbox 542 2385 771 2465; x_wconf 78' lang='lat' dir='ltr'><strong>argenti</strong></span> <span class='ocrx_word' id='word_1_151' title='bbox 825 2402 941 2447; x_wconf 84' lang='lat' dir='ltr'><strong>cx.</strong></span> <span class='ocrx_word' id='word_1_152' title='bbox 980 2402 1058 2447; x_wconf 81' lang='grc' dir='ltr'><strong>Μ.</strong></span> <span class='ocrx_word' id='word_1_153' title='bbox 1101 2383 1303 2496; x_wconf 81' lang='lat' dir='ltr'><strong>pondo</strong></span> <span class='ocrx_word' id='word_1_154' title='bbox 1347 2393 1545 2465; x_wconf 85' lang='lat' dir='ltr'><strong>rapta,</strong></span> <span class='ocrx_word' id='word_1_155' title='bbox 1598 2392 1870 2445; x_wconf 79' lang='lat' dir='ltr'><strong>auctores</strong></span> <span class='ocrx_word' id='word_1_156' title='bbox 1908 2384 2120 2445; x_wconf 85' lang='lat' dir='ltr'><strong>habeo.</strong></span> <span class='ocrx_word' id='word_1_157' title='bbox 2144 2308 2428 2473; x_wconf 47' lang='lat' dir='ltr'><strong>1³:⁴18ng</strong></span> <span class='ocrx_word' id='word_1_158' title='bbox 2345 2424 2400 2473; x_wconf 88' lang='lat'><strong>11.</strong></span> 
     </span>
     <span class='ocr_line' id='line_1_20' title="bbox 214 2480 2187 2565; baseline 0.001 -25"><span class='ocrx_word' id='word_1_159' title='bbox 214 2480 413 2561; x_wconf 86' lang='lat' dir='ltr'><strong>Apud</strong></span> <span class='ocrx_word' id='word_1_160' title='bbox 440 2482 588 2545; x_wconf 86' lang='lat' dir='ltr'><strong>alios</strong></span> <span class='ocrx_word' id='word_1_161' title='bbox 614 2483 800 2545; x_wconf 73' lang='lat' dir='ltr'><strong>multo</strong></span> <span class='ocrx_word' id='word_1_162' title='bbox 824 2484 1019 2564; x_wconf 82' lang='lat' dir='ltr'><strong>majus</strong></span> <span class='ocrx_word' id='word_1_163' title='bbox 1044 2484 1173 2543; x_wconf 84' lang='lat' dir='ltr'><strong>auri</strong></span> <span class='ocrx_word' id='word_1_164' title='bbox 1194 2481 1448 2565; x_wconf 87' lang='lat' dir='ltr'><strong>pondus,</strong></span> <span class='ocrx_word' id='word_1_165' title='bbox 1488 2502 1599 2542; x_wconf 91' lang='lat' dir='ltr'><strong>nec</strong></span> <span class='ocrx_word' id='word_1_166' title='bbox 1620 2501 1700 2541; x_wconf 87' lang='lat' dir='ltr'><strong>ex</strong></span> <span class='ocrx_word' id='word_1_167' title='bbox 1717 2480 1988 2553; x_wconf 87' lang='lat' dir='ltr'><strong>delubro,</strong></span> <span class='ocrx_word' id='word_1_168' title='bbox 2015 2480 2187 2541; x_wconf 80' lang='lat' dir='ltr'><strong>sedu</strong></span> 
     </span>
     <span class='ocr_line' id='line_1_21' title="bbox 212 2494 2442 2669; baseline 0 -32"><span class='ocrx_word' id='word_1_169' title='bbox 212 2575 529 2641; x_wconf 87' lang='lat' dir='ltr'><strong>Tolosensi</strong></span> <span class='ocrx_word' id='word_1_170' title='bbox 566 2580 701 2642; x_wconf 87' lang='lat' dir='ltr'><strong>lacu</strong></span> <span class='ocrx_word' id='word_1_171' title='bbox 733 2579 1058 2651; x_wconf 87' lang='lat' dir='ltr'><strong>sublatum,</strong></span> <span class='ocrx_word' id='word_1_172' title='bbox 1098 2580 1357 2640; x_wconf 82' lang='lat' dir='ltr'><strong>invenio.</strong></span> <span class='ocrx_word' id='word_1_173' title='bbox 1440 2577 1799 2658; x_wconf 77' lang='lat' dir='ltr'><strong>Tectosages</strong></span> <span class='ocrx_word' id='word_1_174' title='bbox 1833 2579 1992 2638; x_wconf 87' lang='lat' dir='ltr'><strong>enim</strong></span> <span class='ocrx_word' id='word_1_175' title='bbox 2015 2578 2120 2659; x_wconf 87' lang='lat' dir='ltr'><strong>qui</strong></span> <span class='ocrx_word' id='word_1_176' title='bbox 2145 2494 2350 2669; x_wconf 44' lang='lat'><strong>535³·</strong></span> <span class='ocrx_word' id='word_1_177' title='bbox 2297 2556 2442 2605; x_wconf 59' lang='lat'><strong>&#39;⁶¹⁶‘</strong></span> 
     </span>
     <span class='ocr_line' id='line_1_22' title="bbox 212 2660 2400 2760; baseline -0.001 -25"><span class='ocrx_word' id='word_1_178' title='bbox 212 2696 359 2737; x_wconf 83' lang='lat' dir='ltr'><strong>curn</strong></span> <span class='ocrx_word' id='word_1_179' title='bbox 382 2677 623 2739; x_wconf 86' lang='lat' dir='ltr'><strong>Brenno</strong></span> <span class='ocrx_word' id='word_1_180' title='bbox 647 2660 915 2752; x_wconf 79' lang='lat' dir='ltr'><strong>fuissent,</strong></span> <span class='ocrx_word' id='word_1_181' title='bbox 936 2678 1123 2760; x_wconf 83' lang='lat' dir='ltr'><strong>raptis</strong></span> <span class='ocrx_word' id='word_1_182' title='bbox 1158 2698 1235 2739; x_wconf 85' lang='lat' dir='ltr'><strong>ex</strong></span> <span class='ocrx_word' id='word_1_183' title='bbox 1265 2675 1568 2758; x_wconf 85' lang='lat' dir='ltr'><strong>Delphico</strong></span> <span class='ocrx_word' id='word_1_184' title='bbox 1592 2676 1820 2759; x_wconf 74' lang='lat' dir='ltr'><strong>templo</strong></span> <span class='ocrx_word' id='word_1_185' title='bbox 1837 2675 2400 2747; x_wconf 74' lang='lat' dir='ltr'><strong>donariis‚11.1s.</strong></span> 
     </span>
     <span class='ocr_line' id='line_1_23' title="bbox 212 2698 2322 2863; baseline 0.001 -30"><span class='ocrx_word' id='word_1_186' title='bbox 212 2793 359 2835; x_wconf 87' lang='lat' dir='ltr'><strong>cum</strong></span> <span class='ocrx_word' id='word_1_187' title='bbox 377 2774 617 2836; x_wconf 87' lang='lat' dir='ltr'><strong>domum</strong></span> <span class='ocrx_word' id='word_1_188' title='bbox 638 2778 1031 2861; x_wconf 76' lang='lat' dir='ltr'><strong>revertissent,</strong></span> <span class='ocrx_word' id='word_1_189' title='bbox 1053 2774 1337 2858; x_wconf 85' lang='lat' dir='ltr'><strong>pestifera</strong></span> <span class='ocrx_word' id='word_1_190' title='bbox 1358 2774 1461 2836; x_wconf 90' lang='lat' dir='ltr'><strong>lue</strong></span> <span class='ocrx_word' id='word_1_191' title='bbox 1484 2782 1792 2855; x_wconf 88' lang='lat' dir='ltr'><strong>correptos</strong></span> <span class='ocrx_word' id='word_1_192' title='bbox 1809 2793 1924 2834; x_wconf 86' lang='lat' dir='ltr'><strong>non</strong></span> <span class='ocrx_word' id='word_1_193' title='bbox 1943 2782 2124 2835; x_wconf 77' lang='lat' dir='ltr'><strong>antea</strong></span> <span class='ocrx_word' id='word_1_194' title='bbox 2143 2698 2322 2863; x_wconf 51' lang='lat' dir='ltr'><strong>{gra</strong></span> 
     </span>
     <span class='ocr_line' id='line_1_24' title="bbox 214 2870 2124 2956; baseline 0.001 -25"><span class='ocrx_word' id='word_1_195' title='bbox 214 2873 483 2951; x_wconf 82' lang='lat' dir='ltr'><strong>potuisse</strong></span> <span class='ocrx_word' id='word_1_196' title='bbox 522 2874 787 2947; x_wconf 86' lang='lat' dir='ltr'><strong>liberari,</strong></span> <span class='ocrx_word' id='word_1_197' title='bbox 826 2894 1007 2956; x_wconf 86' lang='lat' dir='ltr'><strong>quam</strong></span> <span class='ocrx_word' id='word_1_198' title='bbox 1061 2881 1267 2935; x_wconf 82' lang='lat' dir='ltr'><strong>vatum</strong></span> <span class='ocrx_word' id='word_1_199' title='bbox 1328 2873 1579 2933; x_wconf 89' lang='lat' dir='ltr'><strong>monitis</strong></span> <span class='ocrx_word' id='word_1_200' title='bbox 1608 2872 1926 2954; x_wconf 75' lang='lat' dir='ltr'><strong>quaesitum</strong></span> <span class='ocrx_word' id='word_1_201' title='bbox 1961 2870 2124 2932; x_wconf 90' lang='lat' dir='ltr'><strong>bello</strong></span> 
     </span>
     <span class='ocr_line' id='line_1_25' title="bbox 213 2969 2122 3051; baseline -0.002 -20"><span class='ocrx_word' id='word_1_202' title='bbox 213 2971 647 3051; x_wconf 80' lang='lat' dir='ltr'><strong>sacrilegioque</strong></span> <span class='ocrx_word' id='word_1_203' title='bbox 682 2992 891 3033; x_wconf 89' lang='lat' dir='ltr'><strong>aurum</strong></span> <span class='ocrx_word' id='word_1_204' title='bbox 934 2980 998 3032; x_wconf 89' lang='lat' dir='ltr'><strong>et</strong></span> <span class='ocrx_word' id='word_1_205' title='bbox 1034 2979 1343 3051; x_wconf 80' lang='lat' dir='ltr'><strong>argentum</strong></span> <span class='ocrx_word' id='word_1_206' title='bbox 1375 2970 1676 3031; x_wconf 88' lang='lat' dir='ltr'><strong>Tolosano</strong></span> <span class='ocrx_word' id='word_1_207' title='bbox 1715 2969 1854 3031; x_wconf 87' lang='lat' dir='ltr'><strong>lacu</strong></span> <span class='ocrx_word' id='word_1_208' title='bbox 1897 2988 2122 3048; x_wconf 80' lang='lat' dir='ltr'><strong>merge-</strong></span> 
     </span>
     <span class='ocr_line' id='line_1_26' title="bbox 214 3066 2298 3150; baseline 0 -23"><span class='ocrx_word' id='word_1_209' title='bbox 214 3076 366 3129; x_wconf 89' lang='lat' dir='ltr'><strong>rent.</strong></span> <span class='ocrx_word' id='word_1_210' title='bbox 453 3068 575 3129; x_wconf 87' lang='lat' dir='ltr'><strong>Sed</strong></span> <span class='ocrx_word' id='word_1_211' title='bbox 600 3068 869 3131; x_wconf 86' lang='lat' dir='ltr'><strong>fabulam</strong></span> <span class='ocrx_word' id='word_1_212' title='bbox 902 3070 981 3130; x_wconf 88' lang='lat' dir='ltr'><strong>de</strong></span> <span class='ocrx_word' id='word_1_213' title='bbox 1009 3068 1267 3150; x_wconf 88' lang='lat' dir='ltr'><strong>Delphis</strong></span> <span class='ocrx_word' id='word_1_214' title='bbox 1297 3068 1447 3129; x_wconf 87' lang='lat' dir='ltr'><strong>bene</strong></span> <span class='ocrx_word' id='word_1_215' title='bbox 1482 3066 1704 3129; x_wconf 77' lang='lat' dir='ltr'><strong>refutat</strong></span> <span class='ocrx_word' id='word_1_216' title='bbox 1735 3066 2118 3139; x_wconf 81' lang='lat' dir='ltr'><strong>Posidonius,</strong></span> <span class='ocrx_word' id='word_1_217' title='bbox 2141 3078 2298 3129; x_wconf 72' lang='lat' dir='ltr'><strong>strab.</strong></span> 
     </span>
     <span class='ocr_line' id='line_1_27' title="bbox 214 3163 2121 3249; baseline 0 -23"><span class='ocrx_word' id='word_1_218' title='bbox 214 3164 380 3245; x_wconf 85' lang='lat' dir='ltr'><strong>quod</strong></span> <span class='ocrx_word' id='word_1_219' title='bbox 400 3186 592 3248; x_wconf 88' lang='lat' dir='ltr'><strong>neque</strong></span> <span class='ocrx_word' id='word_1_220' title='bbox 621 3166 793 3228; x_wconf 81' lang='lat' dir='ltr'><strong>Galli</strong></span> <span class='ocrx_word' id='word_1_221' title='bbox 822 3166 1113 3249; x_wconf 81' lang='lat' dir='ltr'><strong>ternplum</strong></span> <span class='ocrx_word' id='word_1_222' title='bbox 1146 3164 1472 3248; x_wconf 87' lang='lat' dir='ltr'><strong>Apollinis,</strong></span> <span class='ocrx_word' id='word_1_223' title='bbox 1508 3167 1622 3227; x_wconf 88' lang='lat' dir='ltr'><strong>nisi</strong></span> <span class='ocrx_word' id='word_1_224' title='bbox 1643 3167 1778 3245; x_wconf 82' lang='lat' dir='ltr'><strong>jam</strong></span> <span class='ocrx_word' id='word_1_225' title='bbox 1809 3163 2121 3244; x_wconf 78' lang='lat' dir='ltr'><strong>sacrilegio</strong></span> 
     </span>
     <span class='ocr_line' id='line_1_28' title="bbox 213 3261 2124 3345; baseline 0.001 -24"><span class='ocrx_word' id='word_1_226' title='bbox 213 3262 624 3325; x_wconf 83' lang='lat' dir='ltr'><strong>Phocensium</strong></span> <span class='ocrx_word' id='word_1_227' title='bbox 650 3264 1025 3337; x_wconf 85' lang='lat' dir='ltr'><strong>exhaustum,</strong></span> <span class='ocrx_word' id='word_1_228' title='bbox 1052 3264 1355 3345; x_wconf 88' lang='lat' dir='ltr'><strong>ceperint:</strong></span> <span class='ocrx_word' id='word_1_229' title='bbox 1400 3273 1483 3335; x_wconf 89' lang='lat' dir='ltr'><strong>et,</strong></span> <span class='ocrx_word' id='word_1_230' title='bbox 1511 3262 1675 3345; x_wconf 90' lang='lat' dir='ltr'><strong>quod</strong></span> <span class='ocrx_word' id='word_1_231' title='bbox 1701 3272 1997 3343; x_wconf 85' lang='lat' dir='ltr'><strong>repertum</strong></span> <span class='ocrx_word' id='word_1_232' title='bbox 2036 3261 2124 3323; x_wconf 90' lang='lat' dir='ltr'><strong>ibi</strong></span> 
     </span>
     <span class='ocr_line' id='line_1_29' title="bbox 210 3359 2123 3444; baseline 0.001 -25"><span class='ocrx_word' id='word_1_233' title='bbox 210 3359 355 3433; x_wconf 82' lang='lat' dir='ltr'><strong>fuit,</strong></span> <span class='ocrx_word' id='word_1_234' title='bbox 380 3361 531 3423; x_wconf 90' lang='lat' dir='ltr'><strong>inter</strong></span> <span class='ocrx_word' id='word_1_235' title='bbox 557 3362 1017 3423; x_wconf 85' lang='lat' dir='ltr'><strong>innumerabiles</strong></span> <span class='ocrx_word' id='word_1_236' title='bbox 1039 3362 1245 3444; x_wconf 85' lang='lat' dir='ltr'><strong>copias</strong></span> <span class='ocrx_word' id='word_1_237' title='bbox 1266 3360 1525 3423; x_wconf 83' lang='lat' dir='ltr'><strong>divisum</strong></span> <span class='ocrx_word' id='word_1_238' title='bbox 1560 3360 1886 3422; x_wconf 82' lang='lat' dir='ltr'><strong>evanuerit.</strong></span> <span class='ocrx_word' id='word_1_239' title='bbox 1946 3359 2123 3441; x_wconf 82' lang='lat' dir='ltr'><strong>Rap-</strong></span> 
     </span>
    </p>
   </div>
   <div class='ocr_carea' id='block_1_5' title="bbox 212 3456 2407 3586">
    <p class='ocr_par' dir='ltr' id='par_1_7' title="bbox 212 3456 2407 3586">
     <span class='ocr_line' id='line_1_30' title="bbox 212 3456 2407 3586; baseline 0.001 -69"><span class='ocrx_word' id='word_1_240' title='bbox 212 3466 377 3517; x_wconf 86' lang='lat' dir='ltr'><strong>tores</strong></span> <span class='ocrx_word' id='word_1_241' title='bbox 400 3479 637 3541; x_wconf 89' lang='lat' dir='ltr'><strong>quoque</strong></span> <span class='ocrx_word' id='word_1_242' title='bbox 679 3461 860 3538; x_wconf 84' lang='lat' dir='ltr'><strong>(sicut</strong></span> <span class='ocrx_word' id='word_1_243' title='bbox 886 3481 923 3522; x_wconf 92' lang='lat' dir='ltr'><strong>a</strong></span> <span class='ocrx_word' id='word_1_244' title='bbox 948 3459 1153 3521; x_wconf 87' lang='lat' dir='ltr'><strong>multis</strong></span> <span class='ocrx_word' id='word_1_245' title='bbox 1186 3468 1279 3520; x_wconf 84' lang='lat' dir='ltr'><strong>est</strong></span> <span class='ocrx_word' id='word_1_246' title='bbox 1314 3456 1642 3541; x_wconf 89' lang='lat' dir='ltr'><strong>proditum)</strong></span> <span class='ocrx_word' id='word_1_247' title='bbox 1665 3468 1772 3521; x_wconf 84' lang='lat' dir='ltr'><strong>aut</strong></span> <span class='ocrx_word' id='word_1_248' title='bbox 1801 3458 2004 3519; x_wconf 86' lang='lat' dir='ltr'><strong>statim</strong></span> <span class='ocrx_word' id='word_1_249' title='bbox 2029 3458 2122 3518; x_wconf 89' lang='lat' dir='ltr'><strong>in·</strong></span> <span class='ocrx_word' id='word_1_250' title='bbox 2144 3468 2407 3586; x_wconf 34' lang='lat' dir='ltr'><strong>‘gualch&#39;-</strong></span> 
     </span>
     <span class='ocr_line' id='line_1_31' title="bbox 2227 3552 2323 3584; baseline 0 0"><span class='ocrx_word' id='word_1_251' title='bbox 2227 3552 2323 3584; x_wconf 68' lang='grc'>18111</span> 
     </span>
    </p>
   </div>
   <div class='ocr_carea' id='block_1_6' title="bbox 211 3556 2572 3652">
    <p class='ocr_par' dir='ltr' id='par_1_8' title="bbox 211 3556 2572 3652">
     <span class='ocr_line' id='line_1_32' title="bbox 211 3556 2572 3652; baseline 0.008 -38"><span class='ocrx_word' id='word_1_252' title='bbox 211 3556 555 3617; x_wconf 84' lang='lat' dir='ltr'><strong>ternecione</strong></span> <span class='ocrx_word' id='word_1_253' title='bbox 586 3556 839 3629; x_wconf 86' lang='lat' dir='ltr'><strong>deletos,</strong></span> <span class='ocrx_word' id='word_1_254' title='bbox 878 3566 985 3617; x_wconf 86' lang='lat' dir='ltr'><strong>aut</strong></span> <span class='ocrx_word' id='word_1_255' title='bbox 1026 3556 1321 3639; x_wconf 86' lang='lat' dir='ltr'><strong>dispersos</strong></span> <span class='ocrx_word' id='word_1_256' title='bbox 1360 3557 1650 3639; x_wconf 80' lang='lat' dir='ltr'><strong>variaque</strong></span> <span class='ocrx_word' id='word_1_257' title='bbox 1695 3565 1862 3638; x_wconf 81' lang='lat' dir='ltr'><strong>peste</strong></span> <span class='ocrx_word' id='word_1_258' title='bbox 1905 3556 2162 3649; x_wconf 64' lang='lat' dir='ltr'><strong>pessimi</strong></span> <span class='ocrx_word' id='word_1_259' title='bbox 2164 3601 2348 3651; x_wconf 81' lang='lat' dir='ltr'><strong>nl’lut</strong></span> <span class='ocrx_word' id='word_1_260' title='bbox 2366 3606 2446 3652; x_wconf 77' lang='lat'><strong>10.</strong></span> <span class='ocrx_word' id='word_1_261' title='bbox 2559 3564 2572 3577; x_wconf 79' lang='grc'>’</span> 
     </span>
    </p>
   </div>
   <div class='ocr_carea' id='block_1_7' title="bbox 210 3654 2304 4225">
    <p class='ocr_par' dir='ltr' id='par_1_9' title="bbox 210 3654 2304 3835">
     <span class='ocr_line' id='line_1_33' title="bbox 212 3654 2304 3737; baseline 0.002 -25"><span class='ocrx_word' id='word_1_262' title='bbox 212 3654 539 3726; x_wconf 80' lang='lat' dir='ltr'><strong>extinctos,</strong></span> <span class='ocrx_word' id='word_1_263' title='bbox 560 3655 666 3715; x_wconf 82' lang='lat' dir='ltr'><strong>vix</strong></span> <span class='ocrx_word' id='word_1_264' title='bbox 693 3656 909 3715; x_wconf 85' lang='lat' dir='ltr'><strong>reverti</strong></span> <span class='ocrx_word' id='word_1_265' title='bbox 938 3655 999 3715; x_wconf 88' lang='lat' dir='ltr'><strong>in</strong></span> <span class='ocrx_word' id='word_1_266' title='bbox 1034 3656 1289 3737; x_wconf 86' lang='lat' dir='ltr'><strong>patriam</strong></span> <span class='ocrx_word' id='word_1_267' title='bbox 1316 3675 1539 3737; x_wconf 89' lang='lat' dir='ltr'><strong>paucos</strong></span> <span class='ocrx_word' id='word_1_268' title='bbox 1561 3656 1860 3736; x_wconf 85' lang='lat' dir='ltr'><strong>potuisse;</strong></span> <span class='ocrx_word' id='word_1_269' title='bbox 1903 3655 2122 3714; x_wconf 82' lang='lat' dir='ltr'><strong>nedum</strong></span> <span class='ocrx_word' id='word_1_270' title='bbox 2145 3666 2304 3716; x_wconf 77' lang='lat' dir='ltr'><strong>strab.</strong></span> 
     </span>
     <span class='ocr_line' id='line_1_34' title="bbox 210 3740 2128 3835; baseline 0.001 -25"><span class='ocrx_word' id='word_1_271' title='bbox 210 3760 282 3810; x_wconf 87' lang='lat' dir='ltr'><strong>ut</strong></span> <span class='ocrx_word' id='word_1_272' title='bbox 304 3760 509 3813; x_wconf 83' lang='lat' dir='ltr'><strong>tantas</strong></span> <span class='ocrx_word' id='word_1_273' title='bbox 526 3772 727 3815; x_wconf 88' lang='lat' dir='ltr'><strong>secum</strong></span> <span class='ocrx_word' id='word_1_274' title='bbox 747 3773 893 3833; x_wconf 84' lang='lat' dir='ltr'><strong>opes</strong></span> <span class='ocrx_word' id='word_1_275' title='bbox 916 3751 1231 3833; x_wconf 83' lang='lat' dir='ltr'><strong>deportare</strong></span> <span class='ocrx_word' id='word_1_276' title='bbox 1256 3754 1573 3835; x_wconf 87' lang='lat' dir='ltr'><strong>potuerint.</strong></span> <span class='ocrx_word' id='word_1_277' title='bbox 1659 3751 1945 3812; x_wconf 82' lang='lat' dir='ltr'><strong>Ceterum</strong></span> <span class='ocrx_word' id='word_1_278' title='bbox 1972 3740 2128 3812; x_wconf 85' lang='lat' dir='ltr'><strong>Gal-</strong></span> 
     </span>
    </p>

    <p class='ocr_par' dir='ltr' id='par_1_10' title="bbox 210 3847 2130 4225">
     <span class='ocr_line' id='line_1_35' title="bbox 212 3847 2127 3932; baseline 0.002 -25"><span class='ocrx_word' id='word_1_279' title='bbox 212 3847 306 3909; x_wconf 89' lang='lat' dir='ltr'><strong>los</strong></span> <span class='ocrx_word' id='word_1_280' title='bbox 342 3850 471 3909; x_wconf 83' lang='lat' dir='ltr'><strong>auri</strong></span> <span class='ocrx_word' id='word_1_281' title='bbox 518 3852 863 3932; x_wconf 82' lang='lat' dir='ltr'><strong>argentique</strong></span> <span class='ocrx_word' id='word_1_282' title='bbox 903 3849 1139 3922; x_wconf 84' lang='lat' dir='ltr'><strong>divites,</strong></span> <span class='ocrx_word' id='word_1_283' title='bbox 1176 3850 1415 3913; x_wconf 85' lang='lat' dir='ltr'><strong>eosdem</strong></span> <span class='ocrx_word' id='word_1_284' title='bbox 1460 3850 1521 3911; x_wconf 87' lang='lat' dir='ltr'><strong>in</strong></span> <span class='ocrx_word' id='word_1_285' title='bbox 1561 3848 1910 3930; x_wconf 89' lang='lat' dir='ltr'><strong>quotidiano</strong></span> <span class='ocrx_word' id='word_1_286' title='bbox 1960 3849 2127 3911; x_wconf 89' lang='lat' dir='ltr'><strong>cultu</strong></span> 
     </span>
     <span class='ocr_line' id='line_1_36' title="bbox 211 3945 2130 4029; baseline -0.001 -20"><span class='ocrx_word' id='word_1_287' title='bbox 211 3967 447 4027; x_wconf 83' lang='lat' dir='ltr'><strong>parcos,</strong></span> <span class='ocrx_word' id='word_1_288' title='bbox 476 3947 555 4009; x_wconf 92' lang='lat' dir='ltr'><strong>ad</strong></span> <span class='ocrx_word' id='word_1_289' title='bbox 580 3949 693 4009; x_wconf 88' lang='lat' dir='ltr'><strong>hoc</strong></span> <span class='ocrx_word' id='word_1_290' title='bbox 718 3948 1237 4029; x_wconf 68' lang='lat' dir='ltr'><strong>superstitionibus·</strong></span> <span class='ocrx_word' id='word_1_291' title='bbox 1260 3949 1407 4009; x_wconf 87' lang='lat' dir='ltr'><strong>mire</strong></span> <span class='ocrx_word' id='word_1_292' title='bbox 1440 3946 1700 4019; x_wconf 85' lang='lat' dir='ltr'><strong>deditos,</strong></span> <span class='ocrx_word' id='word_1_293' title='bbox 1745 3945 1950 4007; x_wconf 89' lang='lat' dir='ltr'><strong>multis</strong></span> <span class='ocrx_word' id='word_1_294' title='bbox 1982 3946 2130 4007; x_wconf 73' lang='lat' dir='ltr'><strong>locis</strong></span> 
     </span>
     <span class='ocr_line' id='line_1_37' title="bbox 211 4043 2130 4125; baseline 0.001 -22"><span class='ocrx_word' id='word_1_295' title='bbox 211 4064 415 4105; x_wconf 83' lang='lat' dir='ltr'><strong>sacros</strong></span> <span class='ocrx_word' id='word_1_296' title='bbox 437 4046 825 4109; x_wconf 78' lang='lat' dir='ltr'><strong>thesaurosjn</strong></span> <span class='ocrx_word' id='word_1_297' title='bbox 850 4046 1103 4107; x_wconf 89' lang='lat' dir='ltr'><strong>lacubus</strong></span> <span class='ocrx_word' id='word_1_298' title='bbox 1126 4046 1401 4107; x_wconf 85' lang='lat' dir='ltr'><strong>habuisse</strong></span> <span class='ocrx_word' id='word_1_299' title='bbox 1426 4065 1441 4107; x_wconf 77' lang='grc' dir='ltr'><strong><em>ε</em></strong></span> <span class='ocrx_word' id='word_1_300' title='bbox 1486 4064 1682 4125; x_wconf 85' lang='lat' dir='ltr'><strong>neque</strong></span> <span class='ocrx_word' id='word_1_301' title='bbox 1705 4043 1996 4123; x_wconf 78' lang='lat' dir='ltr'><strong>signatum</strong></span> <span class='ocrx_word' id='word_1_302' title='bbox 2023 4054 2130 4105; x_wconf 83' lang='lat' dir='ltr'><strong>aut</strong></span> 
     </span>
     <span class='ocr_line' id='line_1_38' title="bbox 210 4140 2126 4225; baseline 0.001 -23"><span class='ocrx_word' id='word_1_303' title='bbox 210 4142 441 4205; x_wconf 84' lang='lat' dir='ltr'><strong>factum</strong></span> <span class='ocrx_word' id='word_1_304' title='bbox 468 4164 675 4206; x_wconf 89' lang='lat' dir='ltr'><strong>aurum</strong></span> <span class='ocrx_word' id='word_1_305' title='bbox 702 4152 1151 4225; x_wconf 75' lang='lat' dir='ltr'><strong>argentumque,</strong></span> <span class='ocrx_word' id='word_1_306' title='bbox 1192 4142 1296 4204; x_wconf 88' lang='lat' dir='ltr'><strong>sed</strong></span> <span class='ocrx_word' id='word_1_307' title='bbox 1336 4142 1467 4205; x_wconf 86' lang='lat' dir='ltr'><strong>rudi</strong></span> <span class='ocrx_word' id='word_1_308' title='bbox 1508 4140 1792 4224; x_wconf 86' lang='lat' dir='ltr'><strong>pondere,</strong></span> <span class='ocrx_word' id='word_1_309' title='bbox 1819 4150 1886 4203; x_wconf 87' lang='lat' dir='ltr'><strong>ut</strong></span> <span class='ocrx_word' id='word_1_310' title='bbox 1909 4142 2126 4224; x_wconf 87' lang='lat' dir='ltr'><strong>cuique</strong></span> 
     </span>
    </p>
   </div>
   <div class='ocr_carea' id='block_1_8' title="bbox 210 4360 2126 4489">
    <p class='ocr_par' dir='ltr' id='par_1_11' title="bbox 210 4360 2126 4489">
     <span class='ocr_line' id='line_1_39' title="bbox 274 4360 2126 4435; baseline 0.002 -17"><span class='ocrx_word' id='word_1_311' title='bbox 274 4368 301 4403; x_wconf 80' lang='grc'>1·</span> <span class='ocrx_word' id='word_1_312' title='bbox 340 4370 549 4419; x_wconf 71' lang='lat' dir='ltr'><strong>Centum</strong></span> <span class='ocrx_word' id='word_1_313' title='bbox 590 4370 743 4421; x_wconf 74' lang='lat' dir='ltr'><strong>millia</strong></span> <span class='ocrx_word' id='word_1_314' title='bbox 793 4372 949 4435; x_wconf 72' lang='lat' dir='ltr'><strong>pondo</strong></span> <span class='ocrx_word' id='word_1_315' title='bbox 1002 4368 1138 4435; x_wconf 69' lang='grc' dir='ltr'><strong>σπη’]</strong></span> <span class='ocrx_word' id='word_1_316' title='bbox 1204 4369 1346 4433; x_wconf 71' lang='lat' dir='ltr'><strong>genti</strong></span> <span class='ocrx_word' id='word_1_317' title='bbox 1382 4360 1569 4420; x_wconf 65' lang='lat' dir='ltr'><strong>mlum</strong></span> <span class='ocrx_word' id='word_1_318' title='bbox 1598 4370 1759 4423; x_wconf 74' lang='lat' dir='ltr'><strong>decem</strong></span> <span class='ocrx_word' id='word_1_319' title='bbox 1779 4368 1932 4421; x_wconf 70' lang='lat' dir='ltr'><strong>millia</strong></span> <span class='ocrx_word' id='word_1_320' title='bbox 1953 4371 2126 4435; x_wconf 71' lang='lat' dir='ltr'><strong>pondo.</strong></span> 
     </span>
     <span class='ocr_line' id='line_1_40' title="bbox 210 4434 1834 4489; baseline -0.002 -2"><span class='ocrx_word' id='word_1_321' title='bbox 210 4434 431 4487; x_wconf 65' lang='lat' dir='ltr'><strong>Marcus</strong></span> <span class='ocrx_word' id='word_1_322' title='bbox 464 4444 727 4489; x_wconf 71' lang='lat' dir='ltr'><strong>nostrates</strong></span> <span class='ocrx_word' id='word_1_323' title='bbox 760 4440 973 4489; x_wconf 76' lang='grc'>106200.</span> <span class='ocrx_word' id='word_1_324' title='bbox 1041 4436 1140 4488; x_wconf 77' lang='lat' dir='ltr'><strong>Ar·</strong></span> <span class='ocrx_word' id='word_1_325' title='bbox 1209 4436 1423 4488; x_wconf 75' lang='lat' dir='ltr'><strong>Mar-cas</strong></span> <span class='ocrx_word' id='word_1_326' title='bbox 1448 4438 1658 4487; x_wconf 75' lang='grc'>171870.</span> <span class='ocrx_word' id='word_1_327' title='bbox 1693 4435 1834 4485; x_wconf 80' lang='lat' dir='ltr'><strong>cm.</strong></span> 
     </span>
    </p>
   </div>
  </div>
 </body>
</html>
