3225 5242
711 451 888 518 3960
1672 471 1746 520 r.
1798 470 1983 520 mvn

1043 609 1142 684 lis,
1170 631 1362 692 neque
1388 612 1467 673 ad
1493 613 1970 694 reproesenmda
2014 612 2307 695 supplicia
2352 601 2536 694 piger.
2620 593 2809 674 Nunc
2843 633 2971 676 an·-

1039 713 1162 767 tem
1186 709 1328 788 quia
1353 730 1558 792 nuper,
1583 730 1719 771 cum
1747 711 1945 772 adhuc
1972 712 2280 772 vobiscum
2314 712 2657 782 militarem,
2684 711 2959 772 meliores

1039 802 1253 878 fuistis,
1280 827 1414 888 spes
1443 816 1534 868 est
1567 805 1853 881 futurum,
1880 817 1950 869 ut
1980 829 2132 889 quos
2166 809 2375 870 laxata
2395 808 2723 890 disciplina.
2750 831 2955 870 corrn-

1038 902 1151 984 pit,
1177 903 1385 964 eadem
1413 907 1654 967 astricta
1670 915 1732 974 ,et
1751 906 2155 986 redintegrata
2176 906 2451 986 corrigat.
2534 907 2694 974 Quae
2719 926 2759 967 a
2782 908 2961 968 vobis

989 1028 996 1036 ·
1037 1001 1375 1084 postulabo,
1397 1002 1608 1064 eadem
1634 1005 1835 1065 omnia
1868 1005 1993 1086 ipse
2016 1003 2135 1065 feci
2160 1003 2543 1084 facturmque
2566 1023 2717 1064 sum.
2802 1005 2957 1065 Bel-

1037 1095 1164 1157 lum
1203 1118 1408 1159 severa
1449 1100 1601 1179 lege,
1642 1109 1707 1161 et
1751 1106 1820 1161 ut
1858 1101 2093 1162 nomine
2120 1099 2403 1162 Romano
2426 1100 2695 1180 dignum,
2723 1101 2959 1162 animus

1039 1203 1130 1254 est
1180 1215 1414 1274 gerere:
1465 1217 1582 1258 non
1626 1199 1685 1257 in
1726 1197 1966 1260 modum
2008 1198 2305 1260 latrocinii
2336 1199 2575 1278 globos·
2596 1208 2957 1260 armatorum

1037 1302 1246 1373 sponte
1272 1296 1737 1375 procurrentium
1774 1297 2019 1376 evagari
2055 1297 2279 1366 sinere:
2324 1315 2517 1376 neque
2543 1295 2798 1356 lixarum
2822 1317 2955 1358 ma·

1038 1389 1128 1468 gis
1152 1410 1336 1470 quam
1373 1392 1635 1454 militum
1663 1391 1860 1455 officia
1895 1393 2183 1456 facientes
2211 1395 2375 1475 path
2420 1413 2610 1474 neque
2636 1392 2865 1456 deliciis
2886 1405 2957 1456 et

1038 1484 1306 1548 mollitiei
1347 1488 1543 1549 locum
1592 1491 1655 1550 in
1700 1491 1909 1562 castris
1952 1491 2303 1572 relinquere.
2388 1491 2547 1558 Quae
2582 1492 2782 1552 omnia
2812 1511 2954 1552 cum

1038 1582 1331 1658 faceretis,
1365 1607 1669 1668 nunquam
1703 1589 1873 1650 vobis
1912 1590 1971 1649 in
2014 1598 2271 1650 mentem
2302 1589 2467 1650 venit
2500 1592 2793 1669 majorum
2815 1609 2952 1650 ves-

1037 1689 1280 1754 trorum,
1305 1691 1370 1743 et
1392 1685 1657 1768 antiquae
1682 1687 2035 1758 severitatis,
2068 1694 2132 1746 et
2164 1686 2257 1746 his
2290 1692 2521 1746 tantum
2552 1685 2779 1746 artibus
2812 1705 2951 1766 pro-

1037 1781 1198 1840 vecti
1223 1779 1302 1840 ad
1325 1799 1555 1841 summa
1579 1781 1851 1864 imperii?
1934 1781 2039 1844 Ne
2066 1783 2449 1844 castrensium
2481 1783 2723 1862 quidem
2748 1782 2956 1862 legum
3064 1823 3071 1832 ‚

1038 1895 1288 1956 usquam
1337 1878 1592 1938 occurrit
1643 1878 1997 1954 recordatio,
2038 1880 2099 1940 in
2116 1875 2125 1892 ⁸
2142 1900 2293 1961 quas
2336 1879 2537 1941 adacti
2582 1888 2952 1941 sacramento

1037 1974 1210 2033 estis.
1191 1973 1217 2018 7
1299 1972 1368 2034 Si
1404 1974 1538 2052 quis
1579 1976 1707 2036 sine
1746 1985 2077 2038 commeatu
2107 1977 2338 2058 longius
2360 1997 2401 2036 a
2422 1977 2632 2038 casn-is
2654 1974 2950 2047 discedat,

1037 2090 1217 2150 quam
1263 2071 1419 2134 unde
1459 2074 1623 2134 tuba‘.
1660 2081 1903 2134 cantum
1946 2073 2151 2134 audire
2192 2074 2398 2156 possit,
2432 2093 2569 2134 eum
2606 2094 2715 2154 pro
2750 2072 2949 2133 deser·-

739 2173 885 2225 Alex.
906 2173 968 2224 ab
1035 2175 1166 2228 tore
1204 2168 1542 2231 habendum
1583 2170 1777 2231 scitis·
1819 2170 2177 2232 frumentum
2218 2171 2455 2251 publice
2498 2170 2705 2230 datum
2744 2169 2951 2243 vendi,

709 2240 857 2354 ἓιξζ
871 2239 1016 2358 (333⁰
1038 2264 1268 2346 praedas
1305 2287 1582 2377 pecorum
1618 2277 1723 2330 aut
1755 2269 2180 2350 mancipiorum
2203 2269 2344 2328 vino
2370 2269 2714 2350 permutari,
2740 2274 2803 2326 et
2824 2265 2953 2327 alia

709 2369 928 2436 Appi-n.
1035 2363 1251 2442 quibus
1274 2365 1504 2444 segnior
1529 2364 1643 2426 ad
1627 2367 1874 2448 imperia
1894 2365 2241 2506 molliorque
2264 2365 2437 2426 miles
2455 2363 2739 2491 redditur,
2758 2365 2952 2424 vetita

1033 2478 1158 2520 esse
1182 2479 1298 2522 non
1326 2462 1625 2541 ignoratis.

1113 2563 1173 2620 7.
1217 2556 1365 2617 ‘Ad
1405 2559 1560 2620 hanc
1587 2559 1767 2637 igitur
1800 2557 2049 2619 formam
2077 2579 2185 2620 vos
2220 2558 2583 2639 componite,
2610 2557 2659 2617 si
2684 2557 2948 2637 effugere

1029 2651 1497 2731 indignationem
1523 2675 1740 2728 meam,
1768 2663 1831 2716 et
1854 2655 2197 2716 militarium
2229 2655 2423 2735 legum
2460 2653 2785 2719 vindictam
2811 2653 2947 2715 vul-

1029 2749 1124 2809 tis.
1169 2749 1257 2809 Et
1281 2771 1390 2812 vos
1415 2751 1655 2833 quidem
1674 2760 1971 2834 quotquot
1993 2753 2213 2814 milites
2231 2771 2348 2813 non
2367 2753 2529 2824 estis,
2546 2761 2685 2813 ante
2706 2760 2948 2812 noctem

1027 2843 1316 2908 facessere
1342 2868 1378 2908 e
1401 2849 1609 2910 castris
1640 2850 1871 2929 jubeo:
1918 2850 2030 2910 nisi
2062 2851 2172 2910 -cui
2210 2849 2555 2910 nominatim
2594 2846 2873 2909 manendi
2906 2867 2950 2909 a

1029 2960 1126 3001 me
1149 2944 1326 3005 venia
1348 2943 1546 3008 fuerit.
1638 2945 1862 3026 Neque
1888 2946 2101 3008 reverti
2136 2947 2448 3028 quisquam
2482 2953 2741 3007 vestrum
2768 2944 2948 3018 ausit,

1029 3039 1144 3099 nisi
1169 3059 1247 3100 ex
1273 3061 1458 3103 causa
1480 3051 1847 3104 commeatus
1870 3043 1931 3103 in
1956 3052 2153 3104 castra
2185 3041 2562 3124 importandi,
2588 3041 2693 3102 sed
2716 3041 2949 3122 simpli-

1027 3136 1118 3196 cis
1145 3144 1209 3196 et
1231 3138 1526 3201 militaris.
1611 3138 1817 3201 Sed-et
1833 3141 1927 3200 his
1950 3149 2176 3201 certum
2196 3149 2425 3222 tempus
2449 3139 2823 3210 constituam,
2850 3141 2944 3202 in-

1029 3241 1126 3292 tra
1151 3233 1312 3322 quod
1331 3255 1424 3295 res
1447 3255 1586 3296 suas
1606 3235 1907 3298 vendant:
1950 3240 2046 3318 cuj
2054 3257 2123 3297 us
2145 3238 2230 3296 rei
2265 3255 2468 3297 curam
2500 3256 2613 3316 ego
2653 3243 2945 3316 quoestor-

1030 3348 1148 3408 que
1191 3350 1450 3409 agemus.
1536 3333 1625 3392 Et
1662 3332 1779 3394 hoc
1819 3341 2189 3395 sacramento
2228 3353 2347 3394 non
2390 3331 2673 3412 obligatis
2714 3331 2947 3416 dictum

1027 3436 1174 3488 esto.
1258 3429 1458 3492 Vobis
1487 3441 1712 3505 autem,
1754 3433 1995 3506 milites,
2032 3454 2213 3494 unum
2242 3432 2322 3494 ad
2352 3434 2554 3494 omnia
2578 3439 2945 3514 praeceptum

1027 3524 1346 3599 suffecerit,
1445 3549 1606 3590 meos
1630 3549 1823 3590 mores
1852 3529 2317 3620 industriamque
2354 3529 2686 3590 imitemini.
2772 3527 2945 3588 Nam

1028 3620 1106 3680 ad
1133 3621 1246 3683 hoc
1271 3625 1618 3708 exemplum
1643 3627 1691 3686 si
1717 3647 1825 3687 vos
1848 3627 2313 3708 composueritis,
2340 3645 2533 3706 neque
2558 3627 2683 3686 sine
2708 3643 2945 3685 succes-

1025 3737 1094 3778 su
1121 3717 1290 3780 labor
1325 3731 1540 3794 vester,
1583 3743 1775 3803 neque
1808 3724 1935 3783 sine
1982 3723 2175 3801 gratia
2214 3731 2277 3782 et
2313 3721 2509 3783 fructu
2550 3721 2683 3782 erit.
2749 3719 2943 3782 Nunc

1025 3814 1204 3894 igitur
1229 3817 1516 3880 intendite
1541 3821 1803 3880 animum
1828 3840 2173 3900 nervosque.
2244 3818 2411 3879 Belli
2438 3827 2671 3899 tempus
2691 3825 2940 3879 conten·

1024 3912 1246 3973 tionem
1282 3917 1807 3997 strenuitatemque
1851 3915 2147 3998 postulat:
2194 3916 2317 3978 otio
2354 3924 2419 3976 ct
2448 3914 2682 3976 deliciis
2714 3914 2765 3975 si
2804 3915 2961 3995 quis·

1026 4007 1192 4070 locus
1209 4019 1323 4084 est,
1349 4022 1486 4094 post
1508 4014 1819 4075 victoriam
1850 4015 1984 4074 erit.
2066 4014 2277 4093 Atque
2305 4012 2437 4074 haec
2459 4031 2499 4072 a
2521 4012 2695 4072 vobis
2712 4031 2825 4100 ego
2850 4011 2939 4072 le-

1025 4123 1244 4186 gesque
1269 4111 1556 4188 exigunt:
1598 4118 1857 4172 vestrum
1880 4119 1971 4170 est
2004 4109 2149 4170 dare
2179 4129 2442 4191 operam,
2469 4117 2539 4170 ut
2562 4109 2769 4189 potius,
2785 4127 2937 4188 prae-

1025 4201 1148 4262 mia
1186 4223 1294 4285 per
1337 4206 1705 4289 obsequium,
1748 4227 1929 4290 quam
1974 4205 2547 4268 animadversionem
2591 4205 2673 4266 ob
2711 4203 2937 4265 delicta

1025 4300 1341 4361 mereatis!

986 4494 997 4502 ἱ
1108 4401 1168 4456 8.
1211 4394 1564 4480 Repurgato
1589 4397 1671 4462 ad
1694 4399 1857 4470 hunc
1890 4400 2133 4464 modum
2162 4401 2453 4479 exercitu,
2478 4419 2616 4464 cum
2629 4401 2767 4480 jam
2790 4397 2937 4460 satis
