3225 5242
1706 566 1776 614 Τ.
1824 564 2019 613 less

1074 706 1152 767 ad
1164 706 1207 766 J
1210 707 1518 787 ugurtham
1537 724 1819 787 egi-emus,
1840 716 1859 745 ⁴
1882 708 2213 790 permittere
2238 728 2302 768 se
2323 728 2563 787 regnum
2578 707 2840 768 meliori’
2860 708 2964 771 ait.

1075 814 1091 841 ‘
1111 804 1368 865 Tantum
1393 825 1584 876 orare,
1611 816 1681 866 ut
1704 806 1937 887 privato
1964 807 2163 865 vivere
2194 804 2485 865 beneflcio
2516 804 2715 865 fratris
2750 804 2969 865 liceat!

1072 901 1218 973 Ille,
1246 912 1312 961 ut
1343 903 1448 981 qui
1481 923 1782 982 nunquam
1811 903 1949 963 vivo
1976 902 2327 963 Adherbale
2354 900 2582 962 firmam
2606 902 2721 961 sibi
2748 901 2971 961 Numi-

1071 998 1188 1058 diae
1227 1000 1645 1080 possessionem
1683 999 1808 1061 fore
1832 999 1975 1061 olim
1993 999 2405 1081 judicavisset,
2431 1018 2625 1078 neque
2650 1018 2857 1079 preces
2877 1000 2969 1079 i-p-

747 1104 854 1155 Liv.
880 1104 1008 1169 Epit.
1071 1095 1190 1155 sius
1202 1094 1639 1176 fraternumque
1660 1116 1892 1166 nomen,
1910 1116 2099 1178 neque
2114 1105 2348 1156 senatus
2364 1095 2687 1177 populique
2706 1094 2975 1161 Romani

779 1171 938 1219 Sta-nb.

750 1250 782 1280 x
791 1252 820 1281 v
825 1250 971 1301 11111

747 1302 812 1347 8⁸
849 1334 866 1350 Ο

747 1362 900 1417 Diod.

747 1588 864 1638 Sall.

1069 1190 1572 1254 denuntiationem
1626 1194 1931 1264 reveritus,
1984 1193 2387 1253 excruciatum
2450 1191 2697 1263 oceidit,
2757 1189 2975 1253 deinde

1074 1290 1322 1369 puberes
1367 1310 1572 1352 omnes
1614 1288 1919 1351 Numidas
1956 1288 2269 1351 interficit:
2332 1310 2407 1349 ne
2454 1287 2692 1350 Italicis
2730 1287 2975 1377 quidem

1074 1386 1222 1445 iram
1261 1394 1334 1445 et·
1361 1385 1771 1447 crudelitatem
1809 1387 2130 1458 abstinens,
2158 1386 2470 1466 quominus
2492 1392 2787 1465 quotquot
2810 1404 2975 1445 com-

1075 1482 1224 1562 perti
1249 1490 1419 1541 erant
1443 1502 1606 1543 arma
1634 1502 1741 1564 pro
1766 1480 2115 1543 Adherbale
2142 1482 2366 1554 tulime,
2392 1482 2533 1543 torti
2558 1490 2929 1541 necarentur.

1157 1585 1258 1640 16.
1282 1578 1446 1640 Haec
1463 1578 1682 1641 Romae
1696 1582 1935 1660 cognita
1952 1580 2273 1640 clarissimo
2292 1579 2647 1639 documento
2674 1577 2975 1659 patefece-

1075 1685 1232 1747 runt,
1260 1696 1436 1757 quem
1461 1676 1540 1737 ad
1563 1676 1742 1737 finem
1767 1677 1919 1759 lapsi
1946 1696 2155 1749 mores,
2182 1684 2255 1736 et·
2278 1677 2357 1736 ab
2392 1676 2729 1736 innocentia
2750 1684 2816 1735 et
2840 1683 2977 1753 gra'-

1075 1772 1260 1833 vitate
1283 1782 1548 1833 veterum
1575 1793 1873 1835 recessum·
1886 1782 2060 1834 esset.
2116 1772 2271 1833 Tam
2294 1772 2596 1833 atrocibus
2618 1772 2775 1832 enim
2802 1772 2981 1833 rebus

1008 1856 1021 1869 ⁰
1078 1870 1140 1931 in
1165 1879 1374 1931 senatu
1399 1870 1610 1948 agitari
1628 1872 1859 1951 coeptis,
1884 1888 1991 1951 per
2026 1870 2245 1931 multos
2276 1868 2405 1929 dies
2440 1877 2715 1930 extracta
2738 1867 2976 1949 discep-

1077 1967 1226 2027 tatio
1263 1976 1382 2026 est:
1441 1968 1756 2047 mancipiis
1788 1966 1907 2027 illis
1938 1967 2063 2027 auri
2094 1967 2267 2045 regii,
2292 1986 2447 2026 nunc
2482 1965 2692 2044 gratia,
2718 1986 2875 2027 nunc
2898 1966 2979 2025 de

1064 2066 1204 2142 jure
1225 2062 1586 2134 disserendo,
1604 2064 1905 2125 interdum
1930 2074 1993 2124 et
2007 2064 2244 2143 jurgiis,
2264 2062 2425 2143 quod
2452 2063 2731 2123 adversus
2752 2061 2977 2141 Jugur-

1075 2161 1238 2220 tham
1253 2160 1508 2220 severius
1532 2161 1831 2223 decretum
1849 2159 2035 2233 fieret,
2058 2160 2571 2221 intercedentibus.
2625 2159 2979 2240 Putantque

1073 2255 1438 2337 prolatandis
1460 2257 1991 2319 consultationibus
2006 2258 2267 2319 futurum
2284 2258 2485 2329 fuisse,
2506 2266 2575 2317 ut
2586 2257 2755 2317 eluso
2772 2258 2979 2338 primae

1073 2353 1176 2412 irae
1202 2354 1446 2435 impetu,
1469 2352 1752 2415 vindicte
1778 2374 1817 2415 a
1848 2354 2300 2415 sceleratissimo
2334 2353 2665 2415 mortalium
2692 2362 2981 2434 expeten-

1073 2449 1169 2510 dae
1193 2449 1450 2510 studium
1473 2460 1887 2511 evanesceret:
1930 2452 2043 2511 nisi
2082 2450 2159 2511 Ο.
2190 2450 2530 2522 Memmius,
2571 2450 2675 2530 qui
2710 2450 2982 2510 tribunus

1077 2544 1267 2626 plebis
1289 2544 1628 2625 desig-natus
1652 2556 1801 2617 erat,
1828 2546 1919 2607 vir
1960 2566 2115 2620 acer,
2142 2557 2205 2607 et
2230 2548 2475 2609 nimiam
2511 2548 2845 2629 principum
2870 2566 2979 2627 po—

1077 2642 1323 2701 tentiam
1361 2641 1655 2723 speculari
1692 2652 1755 2703 et
1784 2662 2025 2723 carpere
2056 2643 2283 2717 solitus,
2310 2644 2595 2725 populum
2631 2642 2981 2704 Romanum

1079 2735 1428 2809 edocuisset,
1456 2737 1522 2799 id
1540 2738 1669 2817 agi,
1696 2747 1764 2798 ut
1786 2759 1893 2819 per
1919 2758 2141 2820 paucos
2163 2740 2441 2801 factiosos
2456 2740 2649 2801 scelus
2666 2739 2707 2800 J
2710 2740 2979 2819 ugurthae

1077 2832 1528 2895 condonaretur.
1613 2832 1777 2895 Haec
1823 2835 2050 2897 invidia
2092 2834 2329 2917 demum
2362 2837 2617 2909 senatui,
2656 2856 2733 2896 ex
2770 2835 2981 2897 delicti

1075 2926 1438 2991 conscientia
1462 2928 1745 3012 populum
1772 2931 2022 3005 timenti,
2048 2934 2359 3013 expressit,
2388 2942 2406 2971 ‘
2428 2942 2493 2994 ut
2512 2932 2823 3013 Jugurthae
2850 2931 2980 2993 bel-

993 3086 1006 3095 „
1078 3021 1202 3084 lum
1230 3025 1625 3087 indiceretur:
1688 3027 1823 3107 lege
1850 3027 2203 3109 Sempronia
2226 3028 2441 3091 futuris
2471 3028 2811 3090 consulibus
2837 3027 2979 3091 Nu-

754 3325 786 3376 J
793 3324 856 3374 ul.
882 3324 1000 3375 Obs-

753 3488 872 3538 Sall.

787 3604 892 3651 Cic.
916 3616 1004 3665 pro

755 3666 928 3782 Esne.
947 3682 991 3715 c.

1077 3121 1262 3183 midia
1285 3131 1464 3202 atque
1492 3122 1681 3183 Italia
1706 3124 2025 3205 provincia
2044 3123 2536 3186 decernerentur-‚³

1163 3224 1260 3282 17.
1305 3218 1389 3280 Ρ.
1418 3218 1626 3301 Scipio
1659 3217 1916 3293 Nasica,
1958 3220 2029 3281 1..
2060 3221 2421 3303 Calpurnius
2464 3222 2671 3283 Bestia
2706 3222 2983 3284 consides

1077 3313 1280 3375 facti?
1361 3313 1479 3387 I-Ii,
1515 3324 1828 3396 postquam
1864 3318 2189 3398 majoribus
2218 3319 2421 3379 hostiis
2446 3326 2821 3400 procuratum
2846 3338 2981 3400 pro-

1079 3408 1305 3489 digium
1340 3409 1477 3483 fuit,
1514 3411 1676 3491 quod
1718 3412 1893 3473 lactis
1924 3412 2145 3495 pluviae
2184 3436 2288 3496 per
2319 3414 2579 3476 triduum
2618 3414 2979 3487 ceciderant,

1081 3506 1419 3586 provincias
1453 3508 1663 3580 sortiti,
1710 3507 1783 3571 L.
1833 3508 2193 3590 Calpurnius
2226 3509 2604 3582 Numidiam,
2650 3511 2733 3572 P.
2776 3510 2985 3593 Scipio

1083 3600 1326 3663 Italiam
1347 3602 1742 3665 obtinuerunt.
1788 3603 2079 3666 Delectus
2102 3604 2317 3667 deinde
2342 3628 2381 3668 a
2404 3606 2745 3668 consulibus
2768 3608 2979 3669 habiti.

1084 3700 1356 3767 Quorum
1388 3720 1572 3761 causa
1603 3722 1740 3763 cum
1778 3702 2068 3765 indictum
2083 3706 2383 3784 justitium
2408 3713 2583 3775 esset,
2610 3704 2819 3786 populi
2844 3704 2977 3765 Ro-

1079 3796 1242 3883 mani
1259 3816 1490 3857 sensum
1509 3818 1707 3878 praeco
1735 3798 2001 3861 Granius
2022 3800 2333 3881 expressit,
2358 3801 2536 3861 horno
2562 3801 2763 3861 liberis
2786 3822 2979 3882 neque

1079 3892 1404 3955 ,vernilibus
1450 3891 1683 3954 facetiis
1725 3904 1933 3957 notus:
2001 3899 2105 3977 qui
2153 3898 2383 3977 rog-anti
2435 3895 2685 3959 Nasicas.
2726 3899 2977 3971 consuli,

1080 3999 1097 4026 ‘
1121 3987 1338 4069 ecquid
1372 3990 1554 4049 tristis
1575 3998 1753 4061 esset,
1778 3990 1941 4071 quod
1974 3994 2275 4054 auctiones
2304 4001 2536 4055 cessent
2550 3994 2591 4063 ς’
2632 4004 2648 4031 ⁶
2678 3994 2977 4068 Minime,'

1079 4084 1295 4165 inquit,
1342 4093 1361 4120 ⁴
1379 4084 1484 4145 sed
1527 4084 1689 4165 quod
1732 4087 1973 4167 leges.'⁸
2055 4088 2177 4150 Sed
2218 4088 2478 4151 nondum
2518 4110 2590 4151 eo
2634 4100 2977 4170 perventum

1143 4267 1174 4299 ·
1209 4266 1276 4321 Α.
1298 4266 1366 4317 U.
1391 4266 1456 4317 C.
1475 4272 1594 4320 6⁴1.
1661 4268 1725 4319 Α.
1748 4270 1811 4321 C.
1832 4276 1943 4323 111.
2056 4275 2141 4323 sed
2176 4274 2299 4335 quoa
2330 4274 2483 4343 leges]
2522 4272 2681 4327 Hunc
2705 4275 2885 4339 jocum
2909 4276 2975 4327 ad

1143 4341 1166 4368 ⁸
1194 4332 1375 4395 Ecquid
1395 4332 1553 4384 tristis
1575 4341 1714 4393 esset,
1736 4339 1858 4400 quod
1878 4354 1987 4386 uue-
2062 4346 2289 4389 utentem
2357 4354 2502 4388 suam
2574 4342 2725 4388 couci
2728 4356 2893 4389 uuuuuu
2898 4348 2977 4391 rat

1080 4400 1230 4448 tiones
1276 4403 1452 4447 emeat
1470 4416 1491 4459 ,-
1549 4399 1770 4463 Minime,
1816 4403 1991 4468 iuquit,
2062 4411 2118 4454 et
2160 4402 2533 4456 emendaverat
2572 4405 2971 4457 Freinshemius.
