3225 5242
615 510 810 578 1117ss
1613 521 1683 567 τ.
1734 518 1923 567 mvn

963 686 1082 747 que
1105 663 1270 727 bello
1295 661 1535 725 Punico
1559 660 1745 742 prius,
1768 658 1988 721 deiude
2018 658 2297 721 Asiatico
2314 660 2567 725 navibus
2586 668 2651 721 et
2668 661 2863 742 copiis

893 766 900 770 ’
951 766 1216 843 juverat,
1241 778 1486 841 regnum
1523 758 1697 819 uxori
1730 757 2049 839 liberisque
2076 756 2398 819 infantibus
2428 758 2692 839 reliquit,
2716 760 2860 819 insi·

961 862 1083 922 diis
1107 861 1428 922 amicorum
1452 854 1813 918 interfectus.

1043 964 1148 1020 63.
1191 956 1314 1017 Sed
1338 974 1434 1015 me
1465 962 1556 1015 tot
1577 973 1781 1033 regum
1809 972 1927 1013 uuo
1951 960 2213 1033 tempore
2238 952 2469 1014 flebiles
2486 953 2709 1024 exitus,
2736 962 2861 1015 tam

963 1056 1120 1119 foede
1145 1064 1210 1115 et
1227 1053 1478 1135 quaesita
1501 1060 1565 1111 et
1589 1050 1805 1111 amissa
1826 1070 2030 1131 regna,
2048 1050 2457 1132 sceler-unique
2476 1070 2547 1112 ac
2566 1070 2863 1134 poeuarum

965 1152 1322 1234 multiplices
1345 1152 1506 1211 vices
1543 1156 1935 1230 reputantem,
1974 1148 2205 1227 generis
2231 1150 2473 1209 humani
2498 1148 2733 1218 miseret
2755 1169 2867 1230 pu-

963 1252 1205 1333 detque.
1287 1249 1448 1317 Quae
1495 1248 1681 1318 enim,
1730 1244 1975 1316 malum,
2026 1246 2285 1307 amentia
2342 1256 2455 1317 est,
2514 1245 2611 1307 vel
2654 1246 2871 1328 opibus

967 1350 1182 1428 injuste
1225 1348 1414 1429 partis
1449 1364 1717 1407 weuram
1756 1344 2201 1424 pose-sionem,
2238 1344 2337 1405 vel
2372 1346 2435 1403 in
2468 1364 2543 1405 ea
2576 1345 2871 1425 inquietu-

965 1446 1106 1507 dine
1133 1445 1316 1507 animi
1343 1441 1649 1504 felicitatis
1682 1448 1910 1523 partem
1940 1440 2129 1501 ullam
2158 1442 2467 1522 quaerere?
2550 1441 2695 1503 Nisi
2720 1442 2871 1503 forte

967 1566 1032 1605 se
1071 1544 1316 1625 quisque
1353 1541 1771 1621 nequissimum
1808 1538 2145 1599 mortalium
2178 1538 2409 1600 credit:
2436 1538 2649 1599 oeten-‘n
2682 1558 2873 1621 neque

967 1640 1354 1723 cupiditatem
1369 1638 1641 1709 eandem,
1658 1656 1853 1717 neque
1872 1634 2165 1696 malitiam
2178 1636 2305 1699 fore
2320 1638 2661 1697 arbitratur.
2699 1637 2872 1705 Qua·

971 1740 1022 1799 si
1067 1757 1210 1799 vero
1248 1736 1514 1797 maxima
1553 1731 1854 1795 maleficia
1892 1732 2149 1813 plurimo
2194 1734 2431 1814 ingenio
2478 1744 2727 1815 egeant:
2770 1743 2880 1797 aut

973 1834 1158 1897 fidum
1185 1836 1298 1895 sibi
1322 1852 1665 1914 quenquam
1702 1850 1939 1913 sperare
1982 1831 2187 1912 possit,
2230 1832 2333 1913 qui
2364 1832 2625 1915 perfidum
2648 1834 2711 1893 in
2734 1852 2879 1893 eon-

963 1933 1370 2015 junctissimos
1389 1932 1514 2012 ipse
1538 1926 1872 1990 extitisset!

979 2138 1071 2190 tes
1095 2124 1518 2189 inemendabili
1557 2123 1899 2206 pervicacia
1936 2123 1999 2183 in
2043 2125 2295 2185 exitium
2340 2125 2735 2206 praecipitant,
2760 2144 2881 2185 non

980 2224 1294 2306 sapientire
1333 2223 1594 2295 monitis,
1634 2240 1753 2281 non
1794 2220 2177 2301 experientiae
2216 2220 2586 2283 documentis
2620 2222 2887 2283 coercita

983 2323 1354 2383 temeritate:
1404 2318 1512 2381 sed
1559 2317 1921 2398 argumentis
1968 2338 2197 2398 usuque
2246 2339 2437 2380 rerum
2482 2320 2885 2402 nequicquam

981 2416 1616 2498 circumstrepentibus,
1658 2414 1871 2475 rationi
1913 2433 2029 2475 non
2060 2415 2403 2497 relinquunt
2434 2416 2655 2489 locum,
2678 2438 2887 2479 exem·

986 2516 1091 2597 pla
1124 2515 1364 2575 horrent
1391 2522 1454 2574 et
1485 2513 1813 2573 imitantur.
1898 2509 2121 2592 Neque
2160 2513 2321 2573 euim
2350 2522 2644 2575 cenatum
2677 2515 2758 2575 ab
2794 2514 2893 2577 his

989 2612 1214 2673 artibus
1247 2618 1455 2693 postea
1483 2618 1594 2682 est,
1640 2606 1831 2668 donec
1862 2606 2161 2688 pleraeque
2190 2628 2393 2671 omnes
2420 2610 2546 2671 illae
2568 2630 2771 2691 regum
2794 2610 2891 2673 fa-

989 2708 1172 2769 miliae
1196 2708 1460 2789 stirpitus
1481 2725 1619 2767 cum
1644 2705 1839 2784 regnis
1862 2703 2003 2784 ipsis
2028 2705 2353 2768 interirent.

1073 2811 1176 2866 65.
1219 2804 1342 2865 Sed
1369 2806 1450 2865 ab
1471 2812 1851 2865 externorum
1874 2800 2371 2884 contemplatione
2394 2804 2683 2866 malorum
2700 2804 2781 2866 ad
2800 2826 2899 2867 res

995 2903 1252 2963 urbanas
1289 2901 1681 2964 reflectendus
1710 2908 1803 2961 est
1826 2899 2078 2972 animus,
2104 2918 2241 2979 quoe
2263 2910 2325 2961 et
2350 2902 2495 2983 ipsae
2522 2903 2599 2964 C.
2628 2902 2899 2964 Gracchi

995 3000 1186 3063 altero
1218 3002 1354 3080 jam
1397 3000 1702 3061 tribunatu
1750 2998 2039 3076 majorem
2084 2998 2145 3058 in
2195 2998 2437 3059 modum
2478 3000 2893 3061 turbabantur.

997 3100 1102 3161 Sic
1140 3100 1297 3161 enim
1327 3100 1462 3178 jam
1499 3096 1911 3158 declaraverat
1946 3094 2211 3155 animum
2236 3116 2416 3155 suum
2444 3096 2651 3169 Caius,
2678 3108 2747 3161 ut
2766 3117 2899 3159 oer-

995 3206 1126 3257 tum
1165 3196 1566 3258 adversarium
1605 3200 1875 3253 senamm
1912 3190 1971 3251 ei
1999 3189 2127 3251 fore
2161 3190 2437 3253 dubitare
2472 3214 2645 3255 nemo
2678 3204 2899 3276 posset.

1000 3295 1163 3374 Ergo
1187 3292 1266 3355 ad
1292 3293 1470 3372 hujus
1496 3288 1929 3370 infringendam
1964 3289 2381 3350 auctoritatem
2411 3290 2679 3353 conferre
2702 3294 2897 3353 consi-

998 3394 1085 3453 lia
1127 3413 1237 3471 sua
1274 3410 1532 3473 opesque
1571 3408 1777 3449 omnes
1816 3386 2111 3447 instituit:
2158 3395 2243 3458 et,
2282 3388 2429 3468 quia
2460 3389 2904 3453 honestissimus

1001 3488 1252 3570 quisque
1293 3488 1372 3547 de
1409 3484 1632 3568 populo
1670 3492 1851 3564 atque
1892 3481 2389 3563 locupletissimus
2426 3494 2629 3565 partes
2664 3496 2907 3551 senatu·

1003 3588 1302 3657 tuebatur,
1327 3587 1456 3667 ipse
1481 3602 1721 3665 quoque
1744 3581 1861 3641 sibi
1888 3578 2269 3660 displicebat,
2308 3580 2539 3641 nullam
2568 3585 2907 3648 actionibus

1003 3686 1126 3746 suis
1147 3683 1502 3764 dignitatem
1540 3681 1621 3742 ab
1654 3676 1875 3740 infime
1898 3686 2127 3739 tautum
2153 3677 2347 3757 plebis
2370 3698 2607 3767 assensu
2632 3692 2907 3745 constare

1005 3784 1344 3844 arbita-atus.

1083 3886 1186 3941 66.
1230 3878 1375 3945 Quo
1411 3876 1590 3955 igitur
1628 3880 1897 3933 senatum
1933 3868 2042 3931 illa
2076 3876 2244 3950 parte
2278 3871 2493 3933 virium
2528 3875 2809 3955 privaret,
2844 3884 2911 3939 et

1005 3977 1436 4039 eonsentientes
1449 3973 1737 4032 hactenus
1757 3980 1894 4029 cum
1920 3966 2029 4027 illo
2062 3965 2269 4047 populi
2295 3969 2579 4048 primores
2600 3970 2908 4051 avelleret,

685 4077 797 4127 Liv.
819 4072 914 4138 ΕΡΙ
899 4080 954 4121 nt.
1007 4074 1261 4153 vestigia
1281 4070 1480 4139 fratris
1499 4075 1755 4139 secunus,
1781 4063 1943 4146 quod
1960 4062 2065 4125 ille
2079 4066 2525 4145 concupiverat,
2548 4066 2823 4149 perfecit,
2844 4080 2915 4133 ut
3010 4098 3021 4113 -

690 4140 966 4255 ¹1³5th
1013 4170 1414 4254 appellatione
1443 4166 1723 4246 judicum
1772 4162 2001 4242 equites
2042 4179 2081 4220 a
2120 4159 2365 4241 reliquis
2402 4164 2631 4225 civibus
2670 4186 2910 4246 separa·

725 4266 985 4331 Liv.Epi1t.
1011 4278 1230 4329 rentur.
1313 4265 1498 4325 Prius
1547 4272 1746 4323 tamen
1802 4259 1998 4337 majus
2050 4254 2251 4317 adhuc
2304 4277 2511 4319 austum
2554 4269 2911 4335 tentaverat,

683 4330 968 4452 aaz?
1011 4374 1082 4426 ut
1115 4363 1402 4443 ,trecentis
1437 4358 1809 4423 senatoribus
1846 4354 2077 4437 equites
2112 4356 2379 4419 sexcenti
2408 4355 2915 4435 &detentui-,122-
